@techreport{las-05-exp,
 author = {von Laszewski and Gregor},
 comment = {TODO},
 institution = {Argonne National Laboratory},
 month = {June},
 number = {P1259},
 status = {tmp},
 title = {The Java CoG Kit Experiment Manager},
 url = {https://digitalarchive.rit.edu/xmlui/bitstream/handle/1850/7339/PZimnyConfProc11-13-2006.pdf},
 year = {2005}
}

