@inproceedings{las04abstracting,
 address = {La Coru√±a, Spain},
 author = {Kaizar Amin and Mihael Hategan and von Laszewski, Gregor and Nestor J. Zaluzec},
 booktitle = {Proceedings of the 12th Euromicro Conference on Parallel, Distributed and Network-Based Processing (PDP 2004)},
 day = {11-13~},
 doi = {10.1109/EMPDP.2004.1271452},
 month = {February},
 pages = {250-257},
 title = {Abstracting the Grid},
 url = {https://github.com/laszewski/papers/blob/master/vonLaszewski-abstracting.pdf},
 year = {2004}
}

