@inproceedings{las07javascript,
 address = {Reno, NV},
 author = {von Laszewski, Gregor and Fugang Wang and Andrew
Younge and Zhenhua Guo and Marlon Pierce},
 booktitle = {Proceedings of the Grid Computing Environments 2007
at SC07},
 month = {November},
 publisher = {IEEE},
 timestamp = {2008.12.04},
 title = {JavaScript Grid Abstractions},
 url = {https://laszewski.github.io/papers/vonLaszewski-07-javascript.pdf},
 year = {2007}
}

