@inproceedings{las07gridtorrent,
 author = {Kaplan, Ali and C. Fox, Geoffrey and von Laszewski, Gregor},
 booktitle = {International Workshop on Grid Computing Environments 2007 (GCE07)},
 ee = {https://ritdml.rit.edu/handle/1850/9682},
 oldlabel = {kaplan2007gridtorrent},
 timestamp = {2008.05.06},
 title = {GridTorrent Framework: A High-performance Data Transfer and Data Sharing Framework for Scientific Computing},
 url = {https://github.com/laszewski/papers/blob/master/vonLaszewski-torrent.pdf},
 year = {2007}
}

