@misc{las-2023-ai-workflow,
 archiveprefix = {arXiv},
 author = {von Laszewski, Gregor and J.P. Fleischer and Fox, Geoffrey C.},
 eprint = {2210.16941},
 note = {12 pages},
 primaryclass = {cs.DC},
 title = {Hybrid Reusable Computational Analytics Workflow Management with Cloudmesh},
 url = {https://arxiv.org/pdf/2210.16941.pdf},
 urlopt = {https://github.com/cyberaide/paper-cloudmesh-cc/raw/main/vonLaszewski-cloudmesh-cc.pdf},
 year = {2023}
}

