@techreport{identifier,
 author = {Gregor von Laszewski, Wo. L Chang},
 institution = {institution},
 month = {July},
 title = {NIST Big Data Interoperability Framework: Volume 8, Reference Architecture Interfaces},
 url = {https://cloudmesh.github.io/cloudmesh-nist/nistvol8-2.pdf},
 year = {2019}
}

