@techreport{las-06-massspec-r,
 author = {Cosmin Stejerean1 and Paiboon Siwamutita and E. D. Frank and Carol S Giometti and Gyorgy Babnigg and David Angulo and Kevin Drew and Gregor von Laszewski},
 comment = {remove first page},
 title = {An End-to-End System for Organizing and Sharing Raw and Derived Mass Spectrometry Data},
 url = {https://laszewski.github.io/papers/las-06-mass-r.pdf},
 year = {2006}
}

