@article{las-10-wang-transactions,
 author = {Lizhe Wang and von Laszewski, Gregor and Dan Chen and Jie Tao and M. Kunze},
 comment = {TODO},
 doi = {10.1109/TSMCA.2010.2052598},
 journal = {IEEE Transactions on Systems and Man and Cybernetics and Part A: Systems and Humans},
 month = {November},
 number = {6},
 pages = {1362-1374},
 title = {Provide Virtual Machine Information for Grid Computing},
 volume = {40},
 year = {2010}
}

