@article{las11ann,
 author = {Lizhe Wang and Gregor von Laszewski and Fang Huang
and Jai Dayal and Tom Frulani and Geoffrey Fox},
 bibsource = {DBLP, http://dblp.uni-trier.de},
 doi = {10.1007/s00366-011-0211-4},
 journal = {Eng. Comput. (Lond.)},
 number = {4},
 pages = {381-391},
 title = {Task scheduling with ANN-based temperature
prediction in a data center: a simulation-based
study},
 url = {https://laszewski.github.io/papers/las11ann-schedule.pdf},
 volume = {27},
 year = {2011}
}

