@techreport{las20book-cloudeng,
 address = {Bloomington IN, U.S.A.},
 author = {von Laszewski, Gregor},
 institution = {Indiana University},
 month = {February},
 title = {Cloud Computing},
 type = {Online Book},
 epub = {https://cloudmesh-community.github.io/pub//vonLaszewski-cloud.epub},
 url = {https://cloudmesh-community.github.io/pub//vonLaszewski-cloud.pdf}, 
 year = {2020}
}
https://cloudmesh-community.github.io/pub/vonLaszewski-cloud.epub
% url = {https://laszewski.github.io/book/cloud/},

