@inproceedings{las-1992-high,
 address = {Washington, DC, USA},
 author = {von Laszewski, Gregor and Parashar, Manish and Mohamed, Gaber A. and Fox, Geoffrey C},
 booktitle = {Proceedings of the 1992 ACM/IEEE Conference on Supercomputing},
 comment = {TODO},
 isbn = {0818626305},
 location = {Minneapolis, Minnesota, USA},
 numpages = {10},
 pages = {170--179},
 publisher = {IEEE Computer Society Press},
 series = {Supercomputing '92},
 title = {On the Parallelization of Blocked LU Factorization Algorithms on Distributed Memory Architectures},
 url = {http://www.new-npac.org/users/fox/pdftotal/sccs-0271c.pdf},
 volume = {92},
 year = {1992}
}

