@article{las03knowledge,
 author = {von Laszewski, Gregor and Branko Ruscic and Kaizar Amin and Patrick Wagstrom and Sriram Krishnan and Sandeep Nijsure},
 day = {Winter},
 doi = {10.1177/10943420030174007},
 journal = {The International Journal of High Performance Computing Applications},
 month = {December},
 number = {4},
 pages = {431-447},
 title = {A Framework for Building Scientific Knowledge Grids Applied to Thermochemical Tables},
 url = {https://github.com/laszewski/papers/blob/master/vonLaszewski-knowledge-grid.pdf},
 volume = {17},
 year = {2003}
}

