@techreport{las-1992-crpc-92260,
 author = {Mohamed, A. Gaber and Fox, Geoffrey C. and von Laszewski, Gregor and Manish Parashar and Tomasz Haupt and Kim Mills and Ying-Hua Lu and Neng-Tan Lin and Nang-kang Yeh},
 institution = {Center for Research on Parallel Computation, Rice University, P.O. Box 1892, Houston, TX 77251-1892},
 month = {June},
 number = {CRPC-TR92260},
 title = {Applications Benchmark Set for Fortran-D and High Performance Fortran},
 url = {https://laszewski.github.io/papers/sccs-0327.pdf},
 urlother1 = {https://citeseerx.ist.psu.edu/viewdoc/download?doi=10.1.1.57.1579&rep=rep1&type=pdf},
 urlother2 = {http://citeseerx.ist.psu.edu/viewdoc/download;jsessionid=A4CEFFA65718CE42B44FDFBB1F619EA4?doi=10.1.1.53.9593&rep=rep1&type=pdf},
 year = {1992}
}

