@techreport{las-2020-book-bigdata,
 address = {Bloomington IN, U.S.A.},
 author = {Fox, G. C. and von Laszewski, Gregor},
 comment = {TODO},
 institution = {Indiana University},
 month = {February},
 title = {Big Data Applications and Analytics (Lecture Notes)},
 type = {Lecture Notes},
 url = {https://cloudmesh-community.github.io/pub/vonLaszewski-big-data-applications.pdf},
 year = {2020}
}

