@techreport{reu-2014-genome,
 author = {Saggu, Lorander and Ekanayake, Saliya and Ruan, Yang and von Laszewski, Gregor and Fox, Geoffrey C.},
 institution = {Indiana University},
 month = {July},
 publisher = {Citeseer},
 title = {Genomic Sequence Analysis Automation},
 url = {https://laszewski.github.io/papers/laszewski-IEEECloud2012_id-4803.pdf},
 urlother = {https://citeseerx.ist.psu.edu/viewdoc/download?doi=10.1.1.646.3765&rep=rep1&type=pdf},
 year = {2014}
}

