@inproceedings{las-2000-mdsml,
 author = {von Laszewski, Gregor and Lane, Peter},
 booktitle = {Proposal Draft and Grid Forum},
 title = {Mdsml: An xml binding to the grid object specificaction},
 url = {https://citeseerx.ist.psu.edu/viewdoc/download?doi=10.1.1.476.2003&rep=rep1&type=pdf},
 year = {2000}
}

