@techreport{puryear2006comparing,
 author = {Puryear and Eric and Angulo and David and Schilling and Alex and Drew and Kevin and von Laszewski and Gregor},
 comment = {no PDF},
 institution = {DePaul University CTI Tech Report},
 pages = {1--7},
 title = {Comparing mass spectra},
 year = {2006}
}

