@article{dblp:journals/sj/wangltk09,
 author = {Lizhe Wang and Gregor von Laszewski and Jie Tao and Marcel Kunze},
 bibsource = {DBLP, http://dblp.uni-trier.de},
 doi = {10.1109/JSYST.2009.2028589},
 journal = {IEEE Systems Journal},
 number = {4},
 otherlabel = {Wang09-systems-journal},
 pages = {477-488},
 title = {Grid Virtualization Engine: Design, Implementation, and Evaluation},
 url = {https://laszewski.github.io/papers/isj_148.pdf},
 volume = {3},
 year = {2009}
}

