@inproceedings{las02vision,
 address = {Espoo, Finland},
 author = {von Laszewski, Gregor},
 booktitle = {The Sixth International Conference on Applied
Parallel Computing},
 day = {15-18~},
 doi = {10.1007/3-540-48051-X_4},
 editor = {Fagerholm, Juha and Haataja, Juha and JÃ¤rvinen,
Jari and Lyly, Mikko and R\oaback, Peter and
Savolainen, Ville},
 isbn = {978-3-540-43786-4},
 month = {June},
 note = {\em (Invited Talk)},
 oldlabel = {las02para},
 pages = {37-52},
 pdfother = {https://laszewski.github.io/papers/vonLaszewski-grid.pdf},
 publisher = {Springer Berlin / Heidelberg},
 series = {Lecture Notes in Computer Science},
 title = {Grid Computing: Enabling a Vision for Collaborative
Research},
 url = {https://laszewski.github.io/papers/vonLaszewski-para4.pdf},
 volume = {2367},
 year = {2002}
}

