@inproceedings{las09gridcat,
 address = {Kaoshiung, Taiwan},
 author = {Casey Rathbone and Lizhe Wang and von Laszewski,
Gregor and Fugang Wang},
 booktitle = {International Workshop on Grid Computing,
Applications, and Technologies (GridCAT 2009) in
conjunction with the 10th International Symposium on
Pervasive Systems, Algorithms and Networks (I-SPAN
2009)},
 day = {14-16~},
 doi = {10.1109/I-SPAN.2009.23},
 month = {December},
 pages = {684-690},
 publisher = {IEEE},
 title = {Cyberaide Creative: On-Demand Cyberinfrastructure
Provision in Clouds},
 url = {https://laszewski.github.io/papers/vonLaszewski-ispan2.pdf},
 year = {2009}
}

