@misc{las-2020-2-nsf-impact-ppt,
 author = {Gregor von Laszewski and Fugang Wang},
 howpublished = {Presentation, XMS Advisory Committee Meeting},
 month = {July},
 note = {not in cv},
 title = {Scientific Impact Evaluation for XMS Update},
 url = {https://github.com/scienceimpact/report/blob/main/presentation/XMS Sciimp UAB2020.pptx},
 year = {2020}
}

