@article{las07ogce,
 author = {Alameda, Jay and Christie, Marcus and Fox, Geoffrey and Futrelle, Joe and Gannon, Dennis and Hategan, Mihael and Kandaswamy, Gopi and von Laszewski, Gregor and Nacar, Mehmet A. and Pierce, Marlon and Roberts, Eric and Severance, Charles and Thomas, Mary},
 doi = {10.1002/cpe.1078},
 issn = {1532-0634},
 journal = {Concurrency and Computation: Practice and Experience},
 key = {alameda2007ogc},
 keywords = {portlets, collaboration, Grid services},
 number = {6},
 oldlabel = {alameda2007ogc},
 pages = {921--942},
 publisher = {John Wiley and Sons, Ltd.},
 status = {final},
 timestamp = {2008.11.05},
 title = {The Open Grid Computing Environments collaboration: portlets and services for science gateways},
 volume = {19},
 year = {2007}
}

