@inproceedings{las04-qos-ccgrid,
 address = {Chicago IL, USA},
 author = {Rashid Al-Ali and von Laszewski, Gregor and Kaizar
Amin and Mihael Hategan and Omer Rana and David
Walker and Nester Zaluzec},
 booktitle = {Proceedings of the IEEE/ACM 4th International
Symposium on Cluster Computing and the Grid (CCGrid
2004)},
 day = {19-22~},
 doi = {10.1109/CCGrid.2004.1336559},
 month = {April},
 pages = {134-143},
 publisher = {IEEE Computer Society Press},
 status = {final},
 title = {QoS Support for High-performance Scientific Grid
Applications},
 url = {https://laszewski.github.io/papers/vonLaszewski-qos-ccgrid04.pdf},
 year = {2004}
}

