@book{las-2020-book-tech,
 address = {Bloomington IN, U.S.A.},
 author = {von Laszewski, Gregor},
 edition = {3},
 epub = {https://github.com/cloudmesh/technologies/raw/main/vonLaszewski-cloud-technologies.epub},
 month = {December},
 pages = {998},
 publisher = {Online},
 series = {Indiana University, Class Book},
 title = {Cloud Technologies},
 type = {Online Book},
 url = {https://github.com/cloudmesh/technologies/raw/main/vonLaszewski-cloud-technologies.pdf},
 year = {2019}
}

