@inproceedings{las05adhoc-quality,
 address = {Papeete, Tahiti, French Polynesia},
 author = {Kaizar Amin and von Laszewski, Gregor and Armin R. Mikler},
 booktitle = {International Conference on Autonomic and Autonomous Systems International Conference on Networking and Services},
 day = {23-28~},
 doi = {10.1109/ICAS-ICNS.2005.82},
 month = {October},
 publisher = {IEEE},
 status = {final},
 title = {Quality Assured Ad Hoc Grids},
 url = {https://github.com/laszewski/papers/blob/master/vonLaszewski-adhoc-quality.pdf},
 year = {2005}
}

