@techreport{las20book-markdown,
 address = {Bloomington IN, U.S.A.},
 author = {von Laszewski, Gregor},
 comment = {TODO},
 institution = {Indiana University},
 month = {February},
 title = {Scientific Writing with Markdown},
 type = {Online Book},
 url = {https://laszewski.github.io/book/writing/},
 year = {2020}
}

