@inproceedings{wang2018evaluating,
 author = {Wang, Fugang and Laszewski, Gregor von and Whitson, Timothy and Fox, Geoffrey C and Furlani, Thomas R and DeLeon, Robert L and Gallo, Steven M},
 booktitle = {Proceedings of the Practice and Experience on Advanced Research Computing},
 organization = {ACM},
 pages = {10},
 title = {Evaluating the Scientific Impact of XSEDE},
 year = {2018}
}

