@misc{las-2000-ldap-browser,
 author = {Gawor, Jarek and von Laszewski, Gregor},
 comment = {TODO},
 institution = {Argonne National Lab.(ANL), Argonne, IL, USA},
 note = {Copyright},
 title = {LDAP Browser/Editor},
 year = {2000}
}

