@inproceedings{las-14-impact,
 acmid = {2616507},
 address = {New York and NY and USA},
 articleno = {25},
 author = {Wang and Fugang and von Laszewski and Gregor and Fox and Geoffrey C. and Furlani and Thomas R. and DeLeon and Robert L. and Gallo and Steven M.},
 booktitle = {Proceedings of the 2014 Annual Conference on Extreme Science and Engineering Discovery Environment},
 comment = {TODO},
 doi = {10.1145/2616498.2616507},
 isbn = {978-1-4503-2893-7},
 keywords = {Scientific impact and Technology Audit Service and XDMoD and XSEDE and bibliometric and h-index},
 location = {Atlanta and GA and USA},
 numpages = {8},
 pages = {25:1--25:8},
 publisher = {ACM},
 series = {XSEDE '14},
 title = {Towards a Scientific Impact Measuring Framework for Large Computing Facilities - a Case Study on XSEDE},
 url = {http://doi.acm.org/10.1145/2616498.2616507},
 year = {2014}
}

