@proceedings{las-12-fedcloud-proc,
 address = {New York and NY and USA},
 author = {vonLaszewski and Gregor and Robert Grossman and Michael Kozuchand Rick McGeerand Dejan Milojicic},
 comment = {TODO},
 editor = {von Laszewski, Gregor and Robert Grossman and Michael Kozuchand Rick McGeerand Dejan Milojicic},
 isbn = {978-1-4503-1754-2},
 location = {San Jose and California and USA},
 publisher = {ACM},
 title = {FederatedClouds '12: Proceedings of the 2012 Workshop on Cloud Services and Federation and and the 8th Open Cirrus Summit},
 url = {http://dl.acm.org/citation.cfm?id=2378975&picked=prox&cfid=389635474&cftoken=32712991},
 year = {2012}
}

