@inproceedings{las-06--exp-a,
 author = {von Laszewski and Gregor and Christopher Grubbs and Matthew Bone and David Angulo},
 booktitle = {International Workshop on Grid Computing Environments 2006 in Conjunction with SC06},
 comment = {TODO},
 owner = {neu},
 timestamp = {2013.12.18},
 title = {The Java CoG Kit Experiment Manager},
 url = {https://digitalarchive.rit.edu/xmlui/bitstream/handle/1850/7339/PZimnyConfProc11-13-2006.pdf},
 year = {2006}
}

