@incollection{las05-qos-book,
 author = {Omer Rana and Asif Akram and Rashid Al-Ali and David Walker and Gregor von Laszewski and Kaizar Amin},
 booktitle = {Extending Web Services Technologies: The Use of Multi-Agent Approaches},
 doi = {10.1007/0-387-23344-X_8},
 editor = {Lawrence Cavedon and Zakaria Maamar and David Martin and Boualem Benatallah},
 isbn = {0-387-23343-1},
 oldlabels = {las04-qos-book},
 publisher = {Springer},
 series = {Multiagent Systems, Artificial Societies, and Simulated Organizations},
 title = {Quality-of-Service Based Grid Communities},
 volume = {13},
 year = {2005}
}

