@inproceedings{las-01-greed,
 acmid = {662793},
 address = {San Francisco and California and USA},
 author = {Vazhkudai and Sudharshan and von Laszewski and Gregor},
 booktitle = {Proceedings of the 15th International Parallel and Distributed Processing Symposium and International Workshop on Internet Computing and E-Commerce (ICEC'01)},
 day = {27~},
 isbn = {0-7695-0990-8},
 month = {April},
 note = {http://dl.acm.org/citation.cfm?id=645609.662793},
 pages = {173--},
 publisher = {IEEE Computer Society and Washington and DC and USA},
 series = {IPDPS '01},
 status = {final},
 title = {A Greedy Grid - The Grid Economic Engine Directive},
 url = {https://laszewski.github.io/papers/vonLaszewski-greed.pdf},
 year = {2001}
}

