@misc{las-impact-reporst,
 author = {Gregor von Laszewski and Fugang Wang},
 howpublished = {GitHub},
 month = {November},
 title = {Scientific Impact Report Repository},
 url = {https://github.com/scienceimpact/report/blob/main/README.md},
 year = {2021}
}

