@misc{las-10-sc-poster-rain,
 author = {Fox, G. C. and Younge, A. J. and von Laszewski, Gregor and A. Kulshrestha and F. Wang},
 comment = {TODO},
 howpublished = {SC10 International Conference for High Performance Computing},
 month = {November},
 owner = {neu},
 timestamp = {2013.12.23},
 title = {Rain: Dynamically Provisioning Clouds within FutureGrid},
 url = {http://sc10.supercomputing.org/?pg=posters.html},
 year = {2010}
}

