@misc{las-00-ldap-browser,
 author = {Gawor and Jarek and Laszewski and Gregor von},
 comment = {TODO},
 institution = {Argonne National Lab.(ANL) and Argonne and IL (United States)},
 note = {Copyright},
 title = {LDAP Browser/Editor},
 year = {2000}
}

