@inproceedings{las-01-corba,
 acmid = {652851},
 address = {Denver},
 author = {Verma and Snigdha and Parashar and Manish and Gawor and Jarek and von Laszewski and Gregor},
 booktitle = {Proceedings of the Second International Workshop on Grid Computing (GRID'01)},
 editor = {Craig A. Lee},
 isbn = {3-540-42949-2},
 month = {November},
 note = {http://dl.acm.org/citation.cfm?id=645441.652851},
 numpages = {12},
 pages = {2-12},
 publisher = {Springer-Verlag and London and UK and UK},
 series = {Lecture Notes in Computer Science},
 title = {Design and Implementation of a CORBA Commodity Grid Kit},
 url = {https://laszewski.github.io/papers/las-01-corba-design.pdf},
 volume = {2241},
 year = {2001}
}

