@inproceedings{von2000defining,
 author = {von Laszewski, Gregor and Lane Peter and Fitzgerald, Steve and Didier, Brett and Schuchardt, Karen},
 booktitle = {Proposal for the Grid forum Draft and Grid Forum},
 comment = {TODO},
 title = {Defining schemas for the grid information services},
 url = {https://d1wqtxts1xzle7.cloudfront.net/41830386/Defining_schemas_for_the_grid_informatio20160131-27253-1ermf1s.pdf?1454301971=&response-content-disposition=inline%3B+filename%3DDefining_schemas_for_the_grid_informatio.pdf&Expires=1629389220&Signature=BaEcCs2x4ukjUurc7p-VultzCtej34UEgaZYsuuW8DeTfc6XU9jk5QueQCzZWm2BWlxykmNaiXb0uwLOxHU0Zix5FIPoQ2IDflMTgDvmWVTPJA32fiZuIzg5Q5msfLxoYd1nPmqSOC1MhfxsVLctxq40gvs5dV~dHUYDfVjz5JXihxFEXUWkSzWXHCaiumHqlBtdebv~ssfs0t3WIaJlhSsFcn7qxgwBHki7Z3NtbZBdd4pjenhJpBdp725QJ-Chz6UjcbQntGV81MDeb~3~J1RKjczOiOtbtDapCVrlrPyGzxeNfvs9sJl4EojNkid9GO9qyKNbh1Lus6Seoj5iYQ__&Key-Pair-Id=APKAJLOHF5GGSLRBV4ZA},
 year = {2000}
}

