@inproceedings{las03reputation,
 address = {New Orleans, Louisiana},
 author = {Beulah Alunkal and Ivana Veljkovic and von Laszewski, Gregor and Kaizar Amin},
 booktitle = {Workshop on Adaptive Grid Middleware},
 day = {27~},
 institution = {Argonne National Laboratory},
 month = {September},
 organization = {AGridM 2003},
 title = {Reputation-based Grid Resource Selection},
 type = {Argonne Preprint},
 url = {https://github.com/laszewski/papers/blob/master/vonLaszewski-reputation.pdf},
 year = {2003}
}

