@inproceedings{las15cluster,
 address = {Chicago IL},
 author = {von Laszewski, Gregor and Fugang Wang and Geoffrey
C. Fox and David L. Hart and Thomas R. Furlani and
Robert L. DeLeon and Steven M. Gallo},
 booktitle = {Proc. of IEEE Custer Computing},
 month = {September},
 note = {Poster, Technical Report},
 organization = {Indiana University},
 publisher = {IEEE},
 title = {Peer comparison of XSEDE and NCAR publication
data},
 url = {https://github.com/cyberaide/paper-tas-2/blob/master/vonLaszewski-tas-cluster.pdf},
 year = {2015}
}

