@techreport{las20book-tech,
 address = {Bloomington IN, U.S.A.},
 author = {von Laszewski, Gregor},
 institution = {Indiana University},
 optmonth = {December},
 title = {Cloud technologies},
 type = {Class book},
 url = {https://cloudmesh-community.github.io/book/vonLaszewski-cloud-technologies.epub},
 year = {2019}
}

