@unpublished{las08gridshell,
 author = {Gregor von Laszewski and Andrew Younge and Fugang
Wang and Xi He},
 note = {Draft},
 title = {Cyberaide Shell: Interactive Task Management for
Grids and Cyberinfrastructure},
 year = {2009}
}

