@proceedings{las-2012-fedcloud-proc,
 address = {New York, NY, USA},
 author = {vonLaszewski and Gregor and Robert Grossman and Michael Kozuchand Rick McGeerand Dejan Milojicic},
 comment = {TODO},
 editor = {von Laszewski, Gregor and Robert Grossman and Michael Kozuchand and Rick McGeer and Dejan Milojicic},
 isbn = {978-1-4503-1754-2},
 location = {San Jose, California, USA},
 publisher = {ACM},
 title = {FederatedClouds '12: Proceedings of the 2012 Workshop on Cloud Services and Federation, and the 8th Open Cirrus Summit},
 url = {http://dl.acm.org/citation.cfm?id=2378975&picked=prox&cfid=389635474&cftoken=32712991},
 year = {2012}
}

