@techreport{las-17-cloudmesh,
 author = {von Laszewski, Gregor and Abdul-Wahid, Badi and Wang, Fugang and Lee, Hyungro and Fox, Geoffrey C and Chang, Wo},
 comment = {TODO},
 institution = {Technical report, Indiana University, Bloomingtion IN 47408, USA},
 title = {Cloudmesh in support of the NIST Big Data Architecture Framework},
 year = {2017}
}

