@inproceedings{las03ftp,
 address = {Las Vegas},
 author = {von Laszewski, Gregor and Beulah Alunkal and Jarek Gawor and Ravi Madhuri and Pawel Plaszczak and Xian-He Sun},
 booktitle = {Proceedings of the International Conferenece on Parallel and Distributed Processing Techniques and Applications},
 day = {~23-26},
 editor = {H.R. Arabnia and Youngson Mun},
 month = {June},
 pages = {24-30},
 publisher = {CSREA Press},
 status = {final},
 title = {A File Transfer Component for Grids},
 url = {https://github.com/laszewski/papers/blob/master/vonLaszewski-gridftp.pdf},
 volume = {1},
 year = {2003}
}

