@inproceedings{9006337,
 author = {V. Abeykoon and S. Kamburugamuve and K. Govindrarajan and P. Wickramasinghe and C. Widanage and N. Perera and A. Uyar and G. Gunduz and S. Akkas and G. V. Laszewski},
 booktitle = {2019 IEEE International Conference on Big Data (Big Data)},
 number = {},
 pages = {5661-5666},
 title = {Streaming Machine Learning Algorithms with Big Data Systems},
 volume = {},
 year = {2019}
}

