@techreport{lasmopac,
 author = {Gregor von Laszewski},
 institution = {Syracuse University},
 title = {Draft: Parallelization of MOPAC},
 url = {https://laszewski.github.io/papers/sccs-0362.pdf},
 year = {1995}
}

