@inbook{las-12-fg-bookchapter,
 author = {Geoffrey C. Fox and von Laszewski, Gregor and Javier Diaz and Kate Keahey and Jose Fortes and Renato Figueiredo and Shava Smallen and Warren Smith and Andrew Grimshaw},
 chapter = {FutureGrid - a reconfigurable testbed for Cloud and HPC and Grid Computing},
 editor = {Jeoffrey C. Vetter},
 isbn = {9781351104005},
 pages = {33},
 title = {Contemporary HPC Architectures},
 url = {https://laszewski.github.io/papers/vonLaszewski-12-fg-bookchapter.pdf},
 year = {2013}
}

