@misc{las-2024-cloudmasking-b,
 archiveprefix = {arXiv},
 author = {Varshitha Chennamsetti and Gregor von Laszewski and Ruochen Gu and Laiba Mehnaz and Juri Papay and Samuel Jackson and Jeyan Thiyagalingam and Sergey V. Samsonau and Geoffrey C. Fox},
 eprint = {2401.08636},
 primaryclass = {cs.DC},
 title = {MLCommons Cloud Masking Benchmark with Early Stopping},
 url = {https://arxiv.org/abs/2401.08636},
 year = {2024}
}

