@techreport{las20book-python,
 address = {Bloomington IN, U.S.A.},
 author = {von Laszewski, Gregor},
 institution = {Indiana University},
 title = {Python for Cloud Computing},
 type = {Online Book},
 epub = {https://cloudmesh-community.github.io/pub//vonLaszewski-python.epub},
 url = {https://cloudmesh-community.github.io/pub//vonLaszewski-python.pdf},
 month = aug, 
 year = 2020,
 
}
% url = {https://laszewski.github.io/book/python},
