@misc{las-04-scidac-poster-chem,
 author = {Thomas C. Allison and Sandra Bittner and Brett Didier and Michael Frenklach and Green Jr. William H. and Darrian Hale and Hategan-Marandiuc , Mihael F. and Carina Lansing and Gregor von Laszewski and David Leahy and Myers, James D. and Michael Minkoff and David Montoya and Luwi Oluwole and Carmen Pancerella and Reinhardt Pinzon and William Pitz and Larry Rahn and Jane Riese and Branko Ruscic and Karen Schuchardt and Albert F. Wagner and Theresa Windus and Christine Yang and Ginger Young},
 comment = {TODO},
 day = {22-24},
 howpublished = {DOI SciDAC PI Meeting (Poster) and Charleston and SC},
 month = {March},
 owner = {neu},
 timestamp = {2013.12.23},
 title = {Collaboratory for Multi-scale Chemical Science},
 url = {http://www.csm.ornl.gov/workshops/DOE_SciDAC/posters.html},
 urlother = {https://www.csm.ornl.gov/workshops/DOE_SciDAC/Columbus_Program_System2.ppt},
 year = {2004}
}

