@inproceedings{las-01-greedy,
 address = {Los Alamitos and CA and USA},
 author = {S. Vazhkudai and von Laszewski, Gregor},
 booktitle = {Parallel and Distributed Processing Symposium and International},
 commeeent = {TODO},
 doi = {10.1109/IPDPS.2001.925170},
 issn = {1530-2075},
 month = {apr},
 pages = {30173a},
 publisher = {IEEE Computer Society},
 title = {A Greedy Grid - The Grid Economic Engine Directive},
 url = {https://laszewski.github.io/papers/vonLaszewski-greed.pdf},
 urlother = {https://doi.ieeecomputersociety.org/10.1109/IPDPS.2001.925170},
 volume = {4},
 year = {2001}
}

