@inproceedings{las07torrent,
 author = {Ali Kaplan and Geoffrey C. Fox and von Laszewski,
Gregor},
 booktitle = {International Workshop on Grid Computing
Environments 2007 in Conjunction with SC07},
 file = {46:http\://library.rit.edu/oajournals/index.php/gce/article/view/85/46:PDF},
 owner = {neu},
 timestamp = {2013.12.18},
 title = {GridTorrent Framework: A High-performance Data
Transfer and Data Sharing Framework for Scientific
Computing},
 url = {http://library.rit.edu/oajournals/index.php/gce/article/view/85/46},
 year = {2007}
}

