@inproceedings{las15xsede,
 address = {St. Louis},
 author = {von Laszewski, Gregor and Fugang Wang and Geoffrey C. Fox and David L. Hart and Thomas R. Furlani and Robert L. DeLeon and Steven M. Gallo},
 booktitle = {XSEDE2015},
 month = {July},
 note = {Poster, Technical Report},
 organization = {Indiana University},
 publisher = {IEEE},
 title = {Peer comparison of XSEDE publication data},
 url = {https://github.com/cyberaide/paper-tas-2/blob/master/vonLaszewski-tas-xsede.pdf},
 year = {2015}
}

