@article{las-09-virt,
 author = {Lizhe Wang and von Laszewski, Gregor and Jie Tao and Marcel Kunze},
 doi = {10.1109/JSYST.2009.2028589},
 journal = {IEEE Systems Journal},
 number = {4},
 otherlabel = {Wang09-systems-journal},
 pages = {477-488},
 title = {Grid Virtualization Engine: Design and Implementation and and Evaluation},
 url = {https://laszewski.github.io/papers/isj_148.pdf},
 volume = {3},
 year = {2009}
}

