@inproceedings{las02gcc,
 address = {Hainan, Chian},
 author = {X. He and X.-H. Sun and G. Laszewski},
 booktitle = {Proceedings of the International Workshop on Grid and Cooperative Computing (GCC02)},
 month = {December},
 title = {A QoS Guided Scheduling Algorithm for the Computational Grid},
 url = {https://github.com/laszewski/papers/blob/master/GCC02_XHe.pdf},
 year = {2002}
}

