@inproceedings{cai2017comet,
 author = {Cai, Haisong and Cooper, Trevor and Flammer, Karen and Fox, Geoffrey C. and Irving, Christopher and von Laszewski, Gregor and Majumdar, Amit and Mishin, Dmitry and Norman, Mike and Papadopoulos, Philip and others},
 booktitle = {PEARC17},
 title = {Comet - Tales from the Long Tail. Two Years In, and 10,000 Users Later},
 year = {2017}
}

