@inproceedings{las-2009-ipccc,
 address = {Arizona, U.S.},
 author = {Lizhe Wang and von Laszewski, Gregor and Jai Dayal and Xi He and Furlani, Thomas R.},
 booktitle = {Proceedings of the 28th IEEE International Performance Computing and Communications Conference (IPCCC)},
 comment = {ieeexplore.ieee.org},
 doi = {10.1109/PCCC.2009.5403821},
 issn = {1097-2641},
 month = {December},
 pages = {289 -296},
 title = {Thermal Aware Workload Scheduling with Backfilling for Green Data Centers},
 year = {2009}
}

