@inproceedings{las-13-xdmod,
 acmid = {2484763},
 address = {New York and NY and USA},
 articleno = {46},
 author = {Furlani and Thomas R. and Schneider and Barry L. and Jones and Matthew D. and Towns and John and Hart and David L. and Gallo and Steven M. and DeLeon and Robert L. and Lu and Charng-Da and Ghadersohi and Amin and Gentner and Ryan J. and Patra and Abani K. and von Laszewski and Gregor and Wang and Fugang and Palmer and Jeffrey T. and Simakov and Nikolay},
 booktitle = {Proceedings of the Conference on Extreme Science and Engineering Discovery Environment: Gateway to Discovery},
 comment = {TODO},
 doi = {10.1145/2484762.2484763},
 isbn = {978-1-4503-2170-9},
 keywords = {Scientific IMpact and XSEDE and XDMoD},
 location = {San Diego and California},
 numpages = {8},
 pages = {46:1--46:8},
 publisher = {ACM},
 series = {XSEDE '13},
 title = {Using XDMoD to Facilitate XSEDE Operations and Planning and Analysis},
 url = {https://dl.acm.org/doi/pdf/10.1145/2484762.2484763},
 year = {2013}
}

