@article{las-14-xdmod,
 author = {Browne, James C. and DeLeon, Robert L. and Patra, Abani K. and Barth, William L. and John Hammond and Jones, Matthew D. and Furlani, Thomas R. and Schneider, Barry I. and Gallo, Steven M. and Amin Ghadersohi and Gentner, Ryan J. and Palmer, Jeffrey T. and Nikolay Simakov and Martins Innus and Bruno, Andrew E. and White, Joseph P. and Cornelius, Cynthia D. and Thomas Yearke and Kyle Marcus and von Laszewski, Gregor and Fugang Wang},
 comment = {TODO},
 doi = {10.1002/cpe.3245},
 journal = {Concurrency and Computation: Practice and Experience},
 month = {March},
 number = {13},
 pages = {2191--2209},
 publisher = {Wiley},
 title = {Comprehensive and open-source resource usage measurement and analysis for HPC systems},
 url = {https://doi.org/10.1002/cpe.3245},
 volume = {26},
 year = {2014}
}

