@article{las05workflow-jgc,
 author = {von Laszewski, Gregor},
 doi = {10.1007/s10723-005-9013-5},
 issn = {1570-7873},
 issue = {3-4},
 journal = {Journal of Grid Computing},
 month = {January},
 pages = {239-258},
 publisher = {Springer Netherlands},
 title = {Workflow Concepts of the Java CoG Kit},
 url = {https://laszewski.github.io/papers/vonLaszewski-workflow-taylor-anl.pdf},
 volume = {3},
 year = {2005}
}

