@inproceedings{las09ccgrid,
 address = {Shanghai, China},
 author = {von Laszewski, Gregor and Andrew Younge and Xi He and Kumar Mahinthakumar and Lizhe Wang},
 booktitle = {4th International Workshop on Workflow Systems in e-Science (WSES 09) in conjunction with 9th IEEE International Symposium on Cluster Computing and the Grid},
 doi = {10.1109/CCGRID.2009.66},
 month = {May},
 pages = {568-573},
 publisher = {IEEE},
 status = {final},
 title = {Experiment and Workflow Management Using Cyberaide Shell},
 url = {https://laszewski.github.io/papers/vonLaszewski-ccgrid09-final.pdf},
 year = {2009}
}

