@misc{las-2014-impact-idea,
 author = {Fugang Wang and Gregor von Laszewski},
 howpublished = {Presentation, Indiana University},
 month = {December},
 title = {Introduction of the proposed Peers Comparison Method},
 url = {https://github.com/scienceimpact/report/blob/main/presentation/TAS PeerComparison Dec2014.pptx},
 year = {2014}
}

