@article{ricci2014introducing,
  title =	 {Introducing CloudLab: Scientific Infrastructure
                  for Advancing Cloud Architecturesand
                  Applications},
  author =	 {Ricci, Robert and Eide, Eric},
  journal =	 {; login:},
  volume =	 39,
  number =	 6,
  pages =	 {36--38},
  year =	 2014,
  publisher =	 {Usenix}
}
