@TechReport{las20proc-516,
  author = 	 {von Laszewski, Gregor},
  title = 	 {Proceedings of Cloud Computing Engeneeing (2020)},
  institution =  {Indiana University},
  year = 	 {2020},
  type = 	 {Lecture Notes},
  address = 	 {Bloomington IN, U.S.A.},
  month = 	 feb,
  url = {https://cloudmesh-community.github.io/pub/vonLaszewski-e516-sp20-proceedings.pdf},
  epub = {https://cloudmesh-community.github.io/pub/vonLaszewski-e516-sp20-proceedings.epub},      
}
