@InProceedings{las17chameleon-teach,
  author = 	 {Gregor von Laszewski and Geoffrey C. Fox},
  title = 	 {Automated sharded mongodb deployment and benchmarking for big data analysis},
  url = 	 {https://github.com/cloudmesh/sp17-i524/raw/master/meeting/vonLaszewski-i524-mongodb.pdf},
  booktitle = {Chameleon Cloud User Meeting},
  year = 	 {2017},
  OPTeditor = 	 {},
  OPTvolume = 	 {},
  OPTnumber = 	 {},
  OPTseries = 	 {},
  OPTpages = 	 {},
  OPTmonth = 	 {},
  OPTaddress = 	 {},
  organization = {University of Chicago},
  OPTpublisher = {},
}

@InProceedings{las17chameleon-mongo,
  author = 	 {Mark McCombe and  von Laszewski, Gregor, and Geoffrey C. Fox},
  title = 	 {Automated sharded mongodb deployment and benchmarking for big data analysis},
  url = 	 {https://github.com/cloudmesh/sp17-i524/raw/master/meeting/vonLaszewski-i524-chameleon.pdf},
  booktitle = {Chameleon Cloud User Meeting},
  year = 	 {2017},
  OPTeditor = 	 {},
  OPTvolume = 	 {},
  OPTnumber = 	 {},
  OPTseries = 	 {},
  OPTpages = 	 {},
  OPTmonth = 	 {},
  OPTaddress = 	 {},
  OPTorganization = {University of Chicago},
  OPTpublisher = {},
}


@TechReport{las20book-222,
  author = 	 {G. C. Fox and von Laszewski, Gregor},
  title = 	 {Intelligent Systems Engineering},
  institution =  {Indiana University},
  year = 	 {2020},
  type = 	 {Lecture Notes},
  address = 	 {Bloomington IN, U.S.A.},
  month = 	 feb,
  url = {https://cloudmesh-community.github.io/pub/vonLaszewski-222.pdf}
  epub = {https://cloudmesh-community.github.io/pub/vonLaszewski-222.epub}  
}

@TechReport{las20book-bigdata,
  author = 	 {G. C. Fox andvon Laszewski, Gregor},
  title = 	 {Big Data Applications and  Analytics},
  institution =  {Indiana University},
  year = 	 {2020},
  type = 	 {Lecture Notes},
  address = 	 {Bloomington IN, U.S.A.},
  month = 	 feb,
  url = {https://laszewski.github.io/book/big-data/}
}

@TechReport{las20book-cloudeng,
  author = 	 {von Laszewski, Gregor},
  title = 	 {Cloud Computing},
  institution =  {Indiana University},
  year = 	 {2020},
  type = 	 {Online Book},
  address = 	 {Bloomington IN, U.S.A.},
  month = 	 feb,
  url = {https://laszewski.github.io/book/cloud/}
}

@TechReport{las20book-tech,
  author = 	 {von Laszewski, Gregor},
  title = 	 {Cloud technologies},
  institution =  {Indiana University},
  year = 	 {2019},
  type = 	 {Class book},
  address = 	 {Bloomington IN, U.S.A.},
  OPTmonth = 	 dec,
  url = {https://cloudmesh-community.github.io/book/vonLaszewski-cloud-technologies.epub}
}

@TechReport{las20book-python,
  author = 	 {von Laszewski, Gregor},
  title = 	 {Python for Cloud Computing},
  institution =  {Indiana University},
  year = 	 {2020},
  type = 	 {Online Book},
  address = 	 {Bloomington IN, U.S.A.},
  month = 	 feb,
  url = {https://laszewski.github.io/book/python}
}

@TechReport{las20book-linux,
  author = 	 {von Laszewski, Gregor},
  title = 	 {Linux for Cloud Computing},
  institution =  {Indiana University},
  year = 	 {2020},
  type = 	 {Online Book},
  address = 	 {Bloomington IN, U.S.A.},
  month = 	 feb,
  url = {https://laszewski.github.io/book/linux/}
}

@TechReport{las20book-markdown,
  author = 	 {von Laszewski, Gregor},
  title = 	 {Scientific Writing with Markdown},
  institution =  {Indiana University},
  year = 	 {2020},
  type = 	 {Online Book},
  address = 	 {Bloomington IN, U.S.A.},
  month = 	 feb,
  url = {https://laszewski.github.io/book/writing/}
}

@Misc{pypi-bookmanager,
  author = 	 {Gregor von Laszewski},
  title = 	 {Cyberaide Bookmanager},
  howpublished = {PyPI and GitHub},
  month = 	 feb,
  year = 	 2020,
  url = 	 {https://pypi.org/project/cyberaide-bookmanager/}
}

@Misc{github-cloudmesh-community,
  author = 	 {Gregor von Laszewski},
  title = 	 {Cloudmesh Community},
  howpublished = {GitHub},
  month = 	 feb,
  year = 	 2020,
  url = 	 {https://github.com/cloudmesh-community}
}

@Misc{github-cloudmesh,
  author = 	 {Gregor von Laszewski},
  title = 	 {Cloudmesh Code Repositories},
  howpublished = {GitHub},
  month = 	 feb,
  year = 	 2020,
  url = 	 {https://github.com/cloudmesh}
}


@Misc{nist-bigdata,
  key = 	 {NIST},
  title = 	 {NIST Big Data},
  howpublished = {Web Page},
  month = 	 feb,
  year = 	 2020,
  url = 	 {https://bigdatawg.nist.gov/home.php}
}



@TechReport{nist-vol8,
authors={von Laszewski, Gregor and Wo Chang},
title = {NIST Big Data Interoperability
Framework:
Volume 8, Reference Architecture
Interfaces},
month= oct,
year=2019,
  institution =  {NIST},
  OPTtype = 	 {NIST Special Publication},
  OPTnumber = 	 {1500-9r1},
  OPTaddress = 	 {Gaithersburg, MD 20899},
  url = {https://nvlpubs.nist.gov/nistpubs/SpecialPublications/NIST.SP.1500-9r1.pdf}
}






