
@TechReport{	  beckstein2018contributions,
  title		= {Contributions to High-Performance Big Data Computing},
  author	= {Beckstein, Oliver and Fox, Geoffrey and Qiu, Judy and Crandall, David and von Laszewski, Gregor and Paden, John and Jha, Shantenu and Wang, Fusheng and Marathe, Madhav and Vullikanti, Anil and others},
  year		= 2018,
  institution	= {Technical report, Digital Science Center},
  url		= {https://laszewski.github.io/papers/bigdatahpc.pdf}
}

@InProceedings{	  cai2017comet,
  title		= {Comet - Tales from the Long Tail. Two Years In, and 10,000 Users Later},
  author	= {Cai, Haisong and Cooper, Trevor and Flammer, Karen and Fox, Geoffrey C. and Irving, Christopher and von Laszewski, Gregor and Majumdar, Amit and Mishin, Dmitry and Norman, Mike and Papadopoulos, Philip and others},
  booktitle	= {PEARC17},
  year		= 2017
}

@InProceedings{	  chen10energy,
  title		= {{Enabling Energy-Efficient Analysis of Massive Neural Signals Using GPGPU}},
  author	= {Chen, Dan and Wang, Lizhe and Wang, Shuaiting and Xiong, Muzhou and Laszewski, Gregor von and Li, Xiaoli},
  booktitle	= {Proceedings of the 2010 IEEE/ACM Int'L Conference on Green Computing and Communications \& Int'L Conference on Cyber, Physical and Social Computing},
  year		= 2010,
  address	= {Washington, DC, USA},
  pages		= {147--154},
  publisher	= {IEEE Computer Society},
  series	= {GREENCOM-CPSCOM '10},
  acmid		= 1953550,
  doi		= {10.1109/GreenCom-CPSCom.2010.24},
  isbn		= {978-0-7695-4331-4},
  keywords	= {High Performance Computing, General-purpose Computing on the Graphics Processing Unit, Neural Signals, EEG},
  numpages	= 8,
  url		= {10.1109/GreenCom-CPSCom.2010.24}
}

@InProceedings{	  comparisoncloud,
  title		= {{Comparison of Multiple Cloud Frameworks}},
  author	= {Gregor von Laszewski and Javier Diaz and Fugang Wang and Geoffrey C. Fox},
  booktitle	= {IEEE Cloud 2012},
  year		= 2012,
  address	= {Honolulu, HI},
  month		= {June},
  doi		= {10.1109/CLOUD.2012.104},
  url		= {https://laszewski.github.io/papers/laszewski-IEEECloud2012_id-4803.pdf}
}

@Article{	  dblp:journals/jcp/wangtlm10,
  title		= {{Multicores in Cloud Computing: Research Challenges for Applications}},
  author	= {Lizhe Wang and Jie Tao and Gregor von Laszewski and Holger Marten},
  journal	= {JCP},
  year		= 2010,
  number	= 6,
  pages		= {958-964},
  volume	= 5,
  bibsource	= {DBLP, http://dblp.uni-trier.de},
  doi		= {10.4304/jcp.5.6.958-964},
  url		= {https://laszewski.github.io/papers/vonLaszewski-09-jcp2.pdf}
}

@Article{	  dblp:journals/sj/wangltk09,
  title		= {{Grid Virtualization Engine: Design, Implementation, and Evaluation}},
  author	= {Lizhe Wang and Gregor von Laszewski and Jie Tao and Marcel Kunze},
  journal	= {IEEE Systems Journal},
  year		= 2009,
  number	= 4,
  pages		= {477-488},
  volume	= 3,
  bibsource	= {DBLP, http://dblp.uni-trier.de},
  doi		= {10.1109/JSYST.2009.2028589},
  otherlabel	= {Wang09-systems-journal},
  url		= {https://laszewski.github.io/papers/isj_148.pdf}
}

@InProceedings{	  fg-1295,
  title		= {{FutureGrid Image Repository: A Generic Catalog and Storage System for Heterogeneous Virtual Machine Images}},
  author	= {Javier Diaz and Gregor von Laszewski and Fugang Wang and Younge, Andrew J and Geoffrey C. Fox},
  booktitle	= {Third IEEE International Conference on Coud Computing Technology and Science (CloudCom2011)},
  year		= 2011,
  address	= {Athens, Greece},
  month		= {December},
  pages		= {560-564},
  doi		= {10.1109/CloudCom.2011.85},
  keywords	= {image repository},
  type		= {paper},
  url		= {https://laszewski.github.io/papers/vonLaszewski-draft-11-imagerepo.pdf}
}

@TechReport{	  fg-1471,
  title		= {{Supporting Experimental Computer Science}},
  author	= {Frederic Desprez and Fox, Geoffrey and Emmanuel Jeannot and Kate Keahey and Michael Kozuch and David Margery and Pierre Neyron and Lucas Nussbaum and Christian Perez and Olivier Richard and Warren Smith and Gregor von Laszewski and Jens Voeckler},
  year		= 2012,
  month		= {March},
  address	= {Argonne},
  institution	= {Argonne National Laboratory},
  issn		= {Technical Memo 326},
  type		= {Report},
  url		= {https://laszewski.github.io/papers/Supporting_Experimental_Computer_Science_final_draft.pdf}
}

@InCollection{	  fox2017futuregrid,
  title		= {Futuregrid: a Reconfigurable Testbed for Cloud, Hpc, and Grid Computing},
  author	= {Fox, Geoffrey C and von Laszewski, Gregor and Diaz, Javier and Keahey, Kate and Fortes, Jose and Figueiredo, Renato and Smallen, Shava and Smith, Warren and Grimshaw, Andrew},
  booktitle	= {Contemporary High Performance Computing},
  pages		= {603--635},
  year		= 2017,
  publisher	= {Chapman and Hall/CRC}
}

@Misc{		  futuresystems,
  author	= {{Digital Science Lab}},
  title		= {FutureSystems at Indiana University},
  year		= 2015,
  url		= {https://portal.futuresystems.org/}
}

@InProceedings{	  imagemanagement,
  title		= {{Abstract Image Management and Universal Image Registration for Cloud and HPC Infrastructures}},
  author	= {Javier Diaz and Gregor von Laszewski and Fugang Wang and Geoffrey C. Fox},
  booktitle	= {IEEE Cloud 2012},
  year		= 2012,
  address	= {Honolulu},
  month		= {June},
  doi		= {10.1109/CLOUD.2012.94},
  url		= {https://laszewski.github.io/papers/vonLaszewski-12-IEEECloud2012.pdf}
}

@InProceedings{	  las-15-impact-ncar,
  author	= {G. von Laszewski and F. Wang and G. C. Fox and D. L. Hart and T. R. Furlani and R. L. DeLeon and S. M. Gallo},
  title		= {Peer Comparison of XSEDE and NCAR Publication Data},
  booktitle	= {2015 IEEE International Conference on Cluster Computing},
  year		= 2015,
  pages		= {531-532},
  month		= {September},
  doi		= {10.1109/CLUSTER.2015.98},
  issn		= {1552-5244},
  keywords	= {citation analysis, NCAR, scientific impact}
}

@InProceedings{	  las-15-tas,
  author	= {DeLeon, Robert L. and Furlani, Thomas R. and Gallo, Steven M. and White, Joseph P. and Jones, Matthew D. and Patra, Abani and Innus, Martins and Yearke, Thomas and Palmer, Jeffrey T. and Sperhac, Jeanette M. and Rathsam, Ryan and Simakov, Nikolay and von Laszewski, Gregor and Wang, Fugang},
  title		= {TAS View of XSEDE Users and Usage},
  booktitle	= {Proceedings of the 2015 XSEDE Conference: Scientific Advancements Enabled by Enhanced Cyberinfrastructure},
  series	= {XSEDE '15},
  year		= 2015,
  isbn		= {978-1-4503-3720-5},
  location	= {St. Louis, Missouri},
  pages		= {21:1--21:8},
  articleno	= 21,
  numpages	= 8,
  url		= {http://doi.acm.org/10.1145/2792745.2792766},
  doi		= {10.1145/2792745.2792766},
  acmid		= 2792766,
  publisher	= {ACM},
  address	= {New York, NY, USA},
  keywords	= {HPC, SUPReMM, TAS, XDMoD, XSEDE usage, XSEDE users}
}

@InProceedings{	  las-18-impact,
  title		= {Evaluating the Scientific Impact of XSEDE},
  author	= {Wang, Fugang and Laszewski, Gregor von and Whitson, Timothy and Fox, Geoffrey C and Furlani, Thomas R and DeLeon, Robert L and Gallo, Steven M},
  booktitle	= {Proceedings of the Practice and Experience on Advanced Research Computing},
  pages		= 10,
  year		= 2018,
  organization	= {ACM},
  url		= {http://doi.acm.org/10.1145/3219104.3219124},
  doi		= {10.1145/3219104.3219124}
}

@TechReport{	  las-19-nist,
  author	= {Gregor von Laszewski, Wo. L Chang},
  title		= {NIST Big Data Interoperability Framework: Volume 8, Reference Architecture Interfaces},
  institution	= {institution},
  year		= 2019,
  month		= {June},
  url		= {https://laszewski.github.io/papers/nistvol8-2.pdf}
}

@InProceedings{	  las-grapple-2011,
  title		= {{Grappling cloud infrastructure services with a generic image repository}},
  author	= {Javier Diaz and Andrew Younge and von Laszewski, Gregor and FugangWang and Fox, Geoffrey C.},
  booktitle	= {CCA11: Cloud Computing and Its Applications},
  year		= 2011,
  address	= {Argonne National Laboratory, USA.},
  month		= {April},
  day		= {12-13},
  url		= {https://laszewski.github.io/papers/11-imagerepo-cca.pdf}
}

@InProceedings{	  las-ogce-tg09,
  title		= {{Open Grid Computing Environments}},
  author	= {Pierce, Marlon and Marru, S. and Wenjun Wu and Gopi Kandaswami and von Laszewski, Gregor and Rion Dooley and Maytal Dahan and Nancy Wilkins-Diehr and Thomas, Mary},
  booktitle	= {TeraGrid 09 meeting},
  year		= 2009,
  address	= {Arlington, VA},
  day		= 24,
  month		= {June},
  url		= {https://laszewski.github.io/papers/OGCETG09-1-1.pdf}
}

@InProceedings{	  las-swift07,
  title		= {{Swift: Fast, Reliable, Loosely Coupled Parallel Computation}},
  author	= {Yong Zhao and Hategan, M. and Clifford, B. and Foster, I. and von Laszewski, G. and Nefedova, V. and Raicu, I. and Stef-Praun, T. and Wilde, M.},
  booktitle	= {Services, 2007 IEEE Congress on},
  year		= 2007,
  pages		= {199-206},
  doi		= {10.1109/SERVICES.2007.63},
  keywords	= {formal specification, grid computing, software reliability, GriPhyN virtual data system, Swift system, SwiftScript language, complex file system structures, runtime system, scripting language, Computer science, Concurrent computing, Data systems, Distributed computing, File systems, High performance computing, Laboratories, Magnetic analysis, Mathematics, Power system reliability}
}

@InProceedings{	  las00grande,
  title		= {{CoG Kits: A Bridge between Commodity Distributed Computing and High-Performance Grids}},
  author	= {von Laszewski, Gregor and Ian Foster and Jarek Gawor and Warren Smith and Steve Tuecke},
  booktitle	= {Proceedings of the ACM 2000 conference on Java Grande},
  year		= 2000,
  address	= {San Francisco, CA},
  month		= {June},
  day		= {3-4},
  pages		= {97-106},
  publisher	= {ACM, New York, NY, USA},
  series	= {JAVA'00},
  acmid		= 337491,
  doi		= {10.1145/337449.337491},
  isbn		= {1-58113-288-3},
  location	= {San Francisco, California, United States},
  numpages	= 10,
  url		= {https://laszewski.github.io/papers/vonLaszewski-cog-final.pdf}
}

@InProceedings{	  las00moba,
  title		= {{Grid-based Asynchronous Migration of Execution Context in Java Virtual Machines}},
  author	= {von Laszewski, Gregor and Kazuyuki Shudo and Yoichi Muraoka},
  booktitle	= {{Proceedings of EuroPar 2000}},
  year		= 2000,
  address	= {Munich, Germany},
  editor	= {Arndt Bode and Thomas Ludwig and Wolfgang Karl and Roland Wism{\"u}ller},
  month		= {August},
  day		= {29~aug ~-~1~ sep},
  note		= {{{\em (Invited Talk)}}},
  pages		= {22-34},
  publisher	= {Springer},
  series	= {Lecture Notes in Computer Science},
  volume	= 1900,
  doi		= {10.1007/3-540-44520-X_3},
  status	= {final},
  url		= {https://laszewski.github.io/papers/s/vonLaszewski-mobag.pdf}
}

@Article{	  las00sbc,
  title		= {{Using Computational Grid Capabilities to Enhance the Ability of an X-Ray Source for Structural Biology}},
  author	= {von Laszewski, Gregor and Mary Westbrook and Ian Foster and Edwin Westbrook and Craig Barnes},
  journal	= {Cluster Computing},
  year		= 2000,
  number	= 3,
  pages		= {187-199},
  volume	= 3,
  doi		= {10.1023/A:1019036421819},
  status	= {final},
  url		= {https://laszewski.github.io/papers/vonLaszewski-dtrek.pdf}
}

@Article{	  las01acm,
  title		= {{Multi-Paradigm Communications in Java for Grid Computing}},
  author	= {Vladimir Getov and von Laszewski, Gregor and Michael Philippsen and Ian Foster},
  journal	= {Communications of ACM},
  year		= 2001,
  month		= {October},
  number	= 10,
  pages		= {118-125},
  volume	= 44,
  acmid		= 383872,
  address	= {New York, NY, USA},
  doi		= {10.1145/383845.383872},
  issn		= {0001-0782},
  publisher	= {ACM},
  status	= {final},
  url		= {https://laszewski.github.io/papers/vonLaszewski-cacm.pdf}
}

@Article{	  las01cmt,
  title		= {{A High-Throughput X-Ray Microtomography System at the Advanced Photon Source}},
  author	= {Yuxin Wang and Fransesco De Carlo and Derrick Mancini and Ian McNulty and Brian Tieman and John Bresnahan and Ian Foster and Joseph Insley and Peter Lane and von Laszewski, Gregor and Carl Kesselman and Mei-Hui Su and Marcus Thiebaux},
  journal	= {Review of Scientific Instruments},
  year		= 2001,
  month		= {April},
  number	= 4,
  pages		= {2062-2068},
  volume	= 72,
  annote	= {Received 14 November 2000; accepted for publication 23 January 2001},
  doi		= {10.1063/1.1355270},
  label		= {YDeD01},
  url		= {https://laszewski.github.io/papers/vonlaszewski-RSI01.pdf}
}

@Article{	  las01cog-concurency,
  title		= {{A Java Commodity Grid Kit}},
  author	= {von Laszewski, Gregor and Ian Foster and Jarek Gawor and Peter Lane},
  journal	= {Concurrency and Computation: Practice and Experience},
  year		= 2001,
  number	= {8-9},
  pages		= {645--662},
  volume	= 13,
  doi		= {10.1002/cpe.572},
  issn		= {1532-0634},
  keywords	= {Commodity Grid Toolkits, Java CoG Kit, Computational Grid},
  publisher	= {John Wiley and Sons, Ltd.},
  url		= {https://laszewski.github.io/papers/vonLaszewski-cog-cpe-final.pdf}
}

@InProceedings{	  las01corba,
  title		= {{Design and Implementation of a CORBA Commodity Grid Kit}},
  author	= {Verma, Snigdha and Parashar, Manish and Gawor, Jarek and von Laszewski, Gregor},
  booktitle	= {{Proceedings of the Second International Workshop on Grid Computing (GRID'01)}},
  year		= 2001,
  address	= {Denver},
  editor	= {Craig A. Lee},
  month		= {November},
  note		= {http://dl.acm.org/citation.cfm?id=645441.652851},
  pages		= {2-12},
  publisher	= {Springer-Verlag, London, UK, UK},
  series	= {Lecture Notes in Computer Science},
  volume	= 2241,
  acmid		= 652851,
  isbn		= {3-540-42949-2},
  numpages	= 12,
  url		= {https://laszewski.github.io/papers/vonLaszewski-corba.pdf}
}

@InProceedings{	  las01greed,
  title		= {{A Greedy Grid - The Grid Economic Engine Directive}},
  author	= {Vazhkudai, Sudharshan and von Laszewski, Gregor},
  booktitle	= {Proceedings of the 15th International Parallel and Distributed Processing Symposium, International Workshop on Internet Computing and E-Commerce (ICEC'01)},
  year		= 2001,
  address	= {San Francisco, California, USA},
  month		= {April},
  day		= {27~},
  note		= {http://dl.acm.org/citation.cfm?id=645609.662793},
  pages		= {173--},
  publisher	= {IEEE Computer Society, Washington, DC, USA},
  series	= {IPDPS '01},
  acmid		= 662793,
  isbn		= {0-7695-0990-8},
  status	= {final},
  url		= {https://laszewski.github.io/papers/vonLaszewski-greed.pdf}
}

@InProceedings{	  las01hpdc10cactus,
  title		= {{The Astrophysics Simulation Collaboratory: A Science Portal Enabling Community Software Development}},
  author	= {Michael Russell and Gabrielle Allen and Ian Foster and Ed Seidel and Jason Novotny and John Shalf and von Laszewski, Gregor and Greg Daues},
  booktitle	= {{Proceedings of the 10th IEEE International Symposium on High Performance Distributed Computing}},
  year		= 2001,
  address	= {San Francisco, CA},
  month		= {August},
  day		= {7-9~},
  pages		= {207-215},
  doi		= {10.1109/HPDC.2001.945190},
  issn		= {1082-8907},
  url		= {https://laszewski.github.io/papers/astro-hpdc10.pdf}
}

@InProceedings{	  las01pse,
  title		= {{Designing Grid-based Problem Solving Environments and Portals}},
  author	= {von Laszewski, Gregor and Ian Foster and Jarek Gawor and Peter Lane and Nell Rehn and Mike Russell},
  booktitle	= {Proceedings of the 34th Annual Hawaii International Conference on System Sciences (HICSS-34)},
  year		= 2001,
  address	= {Maui, Hawaii},
  month		= {January},
  day		= {3-6},
  note		= {http://dl.acm.org/citation.cfm?id=820738.820812},
  pages		= {9028--},
  publisher	= {IEEE Computer Society, Washington, DC, USA},
  series	= {HICSS '01},
  volume	= 9,
  acmid		= 820812,
  isbn		= {0-7695-0981-9},
  status	= {final},
  url		= {https://laszewski.github.io/papers/vonLaszewski-cog-pse-final.pdf}
}

@InProceedings{	  las02activetable,
  title		= {{A Grid Service Based Active Thermochemical Table Framework}},
  author	= {Laszewski, Gregor von and Ruscic, Branko and Wagstrom, Patrick and Krishnan, Sriram and Amin, Kaizar and Nijsure, Sandeep and Bittner, Sandra and Pinzon, Reinhardt and Hewson, John C. and Morton, Melita L. and Minkoff, Mike and Wagner, Al},
  booktitle	= {Third International Workshop on Grid Computing (GRID '02)},
  year		= 2002,
  address	= {Baltimore, MD},
  month		= {November},
  day		= 18,
  note		= {http://dl.acm.org/citation.cfm?id=645442.652663},
  pages		= {25-38},
  publisher	= {Springer-Verlag, London, UK, UK},
  series	= {Lecture Notes in Computer Science},
  volume	= 2536,
  acmid		= 652663,
  isbn		= {3-540-00133-6},
  url		= {https://laszewski.github.io/papers/vonLaszewski-cmcs.pdf}
}

@Article{	  las02cactus,
  title		= {{Community Software Development with the Astrophysics Simulation Collaboratory}},
  author	= {von Laszewski, Gregor and Michael Russell and Ian Foster and John Shalf and Gabrielle Allen and Greg Daues and Jason Novotny and Edward Seidel},
  journal	= {Concurrency and Computation: Practice and Experience},
  year		= 2002,
  number	= {13-15},
  pages		= {1289-1301},
  volume	= 14,
  doi		= {10.1002/cpe.688},
  issn		= {1532-0634},
  otherlabel	= {Laszewski01communitysoftware},
  publisher	= {John Wiley and Sons, Ltd.},
  url		= {https://laszewski.github.io/papers/vonLaszewski-cactus5.pdf}
}

@Article{	  las02cactus-j,
  title		= {{The Astrophysics Simulation Collaboratory: A Science Portal Enabling Community Software Development}},
  author	= {Michael Russell and Gabrielle Allen and Ian Foster and Ed Seidel and Jason Novotny and John Shalf and von Laszewski, Gregor and Greg Daues},
  journal	= {Journal on Cluster Computing},
  year		= 2002,
  month		= {July},
  number	= 3,
  pages		= {297-304},
  volume	= 5,
  acmid		= 593012,
  address	= {Hingham, MA, USA},
  doi		= {10.1023/A:1015629422149},
  issn		= {1386-7857},
  numpages	= 8,
  oldlabel	= {DBLP:journals/cluster/RussellADFSNSL02},
  oldlabels	= {cactusclster},
  publisher	= {Kluwer Academic Publishers},
  url		= {https://laszewski.github.io/papers/astro-jcc.pdf}
}

@Article{	  las02corbacog,
  title		= {{A CORBA Commodity Grid Kit}},
  author	= {Manish Parashar and von Laszewski, Gregor and Snigdha Verma and Jarek Gawor and Kate Keahey},
  journal	= {Concurrency and Computation: Practice and Experience},
  year		= 2002,
  pages		= {1057-1074},
  volume	= 14,
  doi		= {10.1002/cpe.682},
  status	= {final},
  url		= {https://laszewski.github.io/papers/corbacog-ccpe-gce01-final.pdf}
}

@InProceedings{	  las02deploy,
  title		= {{Software, Component, and Service Deployment in Computational Grids}},
  author	= {von Laszewski, Gregor and Eric Blau and Michael Bletzinger and Jarek Gawor and Peter Lane and Stuart Martin and Michael Russell},
  booktitle	= {{IFIP/ACM Working Conference on Component Deployment}},
  year		= 2002,
  address	= {Berlin, Germany},
  editor	= {Judith Bishop},
  month		= {June},
  day		= {20-21~},
  note		= {http://dl.acm.org/citation.cfm?id=647479.727944},
  pages		= {244-256},
  publisher	= {Springer-Verlag, London, UK},
  series	= {Lecture Notes in Computer Science},
  volume	= 2370,
  acmid		= 727944,
  isbn		= {3-540-43847-5},
  numpages	= 13,
  status	= {final},
  url		= {https://laszewski.github.io/papers/vonLaszewski-deploy-32.pdf}
}

@InProceedings{	  las02gcc,
  title		= {{A QoS Guided Scheduling Algorithm for the Computational Grid}},
  author	= {X. He and X.-H. Sun and G. Laszewski},
  booktitle	= {{Proceedings of the International Workshop on Grid and Cooperative Computing (GCC02)}},
  year		= 2002,
  address	= {Hainan, Chian},
  month		= {December},
  url		= {https://laszewski.github.io/papers/GCC02_XHe.pdf}
}

@Article{	  las02grip,
  title		= {{A Unicore Globus Interoperability Layer}},
  author	= {David Snelling and Sven van den Berghe and von Laszewski, Gregor and Philipp Wieder and D. Breuer and Jon MacLaren and Denis Nicole and John Brooke and Hans-Christian Hoppe.},
  journal	= {Computing and Informatics},
  year		= 2002,
  pages		= {399-411},
  volume	= 21,
  issn		= {1335-9150},
  url		= {https://laszewski.github.io/papers/D4.1b_draft.pdf}
}

@InProceedings{	  las02infogram,
  title		= {{InfoGram: A Peer-to-Peer Information and Job Submission Service}},
  author	= {von Laszewski, Gregor and Jarek Gawor and Carlos J. Pe{\~n}a and Ian Foster},
  booktitle	= {{Proceedings of the 11th Symposium on High Performance Distributed Computing}},
  year		= 2002,
  address	= {Edinbrough, U.K.},
  month		= {July},
  day		= {24-26~},
  note		= {http://dl.acm.org/citation.cfm?id=822086.823347},
  pages		= {333-342},
  publisher	= {IEEE Computer Society, Washington, DC, USA},
  series	= {HPDC '02},
  acmid		= 823347,
  isbn		= {0-7695-1686-6},
  url		= {https://laszewski.github.io/papers/vonLaszewski-infogram.pdf}
}

@Article{	  las02javacog,
  title		= {{Features of the Java Commodity Grid Kit}},
  author	= {von Laszewski, Gregor and Jarek Gawor and Peter Lane and Nell Rehn and Mike Russell and Keith Jackson},
  journal	= {Concurrency and Computation: Practice and Experience},
  year		= 2002,
  number	= {13-15},
  pages		= {1045-1055},
  volume	= 14,
  doi		= {10.1002/cpe.674},
  issn		= {1532-0634},
  publisher	= {John Wiley and Sons, Ltd.},
  status	= {final},
  url		= {https://laszewski.github.io/papers/vonLaszewski-cog-features.pdf}
}

@InProceedings{	  las02ocgsa,
  title		= {{Open Collaborative Grid Services Architecture (OCGSA)}},
  author	= {Kaizar Amin and Sandeep Nijsure and von Laszewski, Gregor},
  booktitle	= {Euroweb 2002 Conference, The Web and the GRID: from e-Science to e-Business},
  year		= 2002,
  address	= {St Anne's College Oxford, UK},
  month		= {December},
  day		= {17-18~},
  pages		= {101-107},
  publisher	= {The British Computer Society},
  status	= {final},
  url		= {https://laszewski.github.io/papers/vonLaszewski-ocgsa.pdf}
}

@InProceedings{	  las02pdcs,
  title		= {{Key Concepts and Services of a Grid Information Service}},
  author	= {Beth Plale and Peter Dinda and Mike Helm and von Laszewski, Gregor and John McGee},
  booktitle	= {15th International Conference on Parallel and Distributed Computing Systems (PDCS 2002)},
  year		= 2002,
  address	= {Louisville, KY},
  month		= {September},
  day		= {19~},
  note		= {http://citeseerx.ist.psu.edu/viewdoc/summary?doi=10.1.1.19.209},
  pages		= {437-442},
  status	= {final},
  url		= {https://laszewski.github.io/papers/plale--pdcs2002.pdf}
}

@Article{	  las02perlcog,
  title		= {{A Perl Commodity Grid Kit}},
  author	= {Mock, Stephen and Thomas, Mary and Dahan, Maytal and Mueller, Kurt and Mills, Catherine and von Laszewski, Gregor},
  journal	= {Concurrency and Computation: Practice and Experience},
  year		= 2002,
  number	= {13-15},
  pages		= {1085-1095},
  volume	= 14,
  doi		= {10.1002/cpe.695},
  issn		= {1532-0634},
  keywords	= {Grid, PERL, CoG, commodity, toolkit, Globus, storage resource broker, SRB, module, portal, middleware},
  publisher	= {John Wiley and Sons, Ltd.},
  url		= {https://laszewski.github.io/papers/vonLaszewski-perl-cog.pdf}
}

@InProceedings{	  las02vision,
  title		= {{Grid Computing: Enabling a Vision for Collaborative Research}},
  author	= {von Laszewski, Gregor},
  booktitle	= {{The Sixth International Conference on Applied Parallel Computing}},
  year		= 2002,
  address	= {Espoo, Finland},
  editor	= {Fagerholm, Juha and Haataja, Juha and J\"{a}rvinen, Jari and Lyly, Mikko and R\o{a}back, Peter and Savolainen, Ville},
  month		= {June},
  day		= {15-18~},
  note		= {{\em (Invited Talk)}},
  pages		= {37-52},
  publisher	= {Springer Berlin / Heidelberg},
  series	= {Lecture Notes in Computer Science},
  volume	= 2367,
  doi		= {10.1007/3-540-48051-X_4},
  isbn		= {978-3-540-43786-4},
  oldlabel	= {las02para},
  pdfother	= {https://laszewski.github.io/papers/vonLaszewski-grid.pdf},
  url		= {https://laszewski.github.io/papers/vonLaszewski-para4.pdf}
}

@InProceedings{	  las03chem,
  title		= {{Further Refinements of the Bond Dissociation Energy in Water and Hydroxyl Radical Using the Active Thermochemical Tables Approach}},
  author	= {B. Ruscic and R. E. Pinzon and M. L. Morton and B. Wang and A. F. Wagner and G. von Laszevski and S. G. Nijsure and K. A. Amin and Sandra J. Bittner and M. Minkoff},
  booktitle	= {Proceedings of the 58th International Symposium Molecular Sectrosctroscopy},
  year		= 2003,
  address	= {Columbus, OH},
  month		= {June},
  day		= {16-20~},
  pages		= 178,
  status	= {final},
  url		= {http://hdl.handle.net/1811/21100}
}

@InCollection{	  las03cmt-book,
  title		= {{Sourcebook of Parallel Computing}},
  author	= {von Laszewski, Gregor and Mei-Hui Su and Joseph Insley and Ian Foster and Carl Kesselman},
  booktitle	= {{Quasi-Realtime Microtomography Experiments at Photon Sources}},
  publisher	= {Morgan Kaufman Publishers},
  year		= 2003,
  address	= {New York},
  editor	= {Jack Dongara and Ian Foster and Geoffrey Fox and Wiliam Gropp and Kenn Kennedy and Linda Torczon and Andy White},
  pages		= {258-265},
  isbn		= 9781558608719,
  oldlabels	= {las00handbook},
  status	= {final},
  url		= {https://laszewski.github.io/papers/vonLaszewski-cmtscience.pdf}
}

@InProceedings{	  las03coalloc,
  title		= {{Flow-based Multistage Co-allocation Service}},
  author	= {Sudeepth Ananad and Srikanath Yoginath and von Laszewski, Gregor and Beulah Alunkal},
  booktitle	= {Proceedings of the International Conference on Communications in Computing},
  year		= 2003,
  address	= {Las Vegas},
  editor	= {Braan J d'Auriol},
  month		= {June},
  day		= {~23-26},
  pages		= {24-30},
  publisher	= {CSREA Press},
  url		= {https://laszewski.github.io/papers/vonLaszewski-coalloc.pdf}
}

@InProceedings{	  las03dc,
  title		= {{Metadata in the Collaboratory for Multi-Scale Chemical Science}},
  author	= {Carmen Pancerella and James D. Myers and Thomas C. Allison and Kaizar Amin and Sandra Bittner and Brett Didier and Michael Frenklach and William H. Green, Jr. and Yen-Ling Ho and John Hewson and Wendy Koegler and Carina Lansing and David Leahy and Michael Lee and Renata McCoy and Michael Minkoff and Sandeep Nijsure and von Laszewski, Gregor and David Montoya and Reinhardt Pinzon and William Pitz and Larry Rahn and Branko Ruscic and Karen Schuchardt and Eric Stephan and Al Wagner and Baoshan Wang and Theresa Windus and Lili Xu and Christine Yang},
  booktitle	= {2003 Dublin Core Conference: Supporting Communities of Discourse and Practice-Metadata Research and Applications},
  year		= 2003,
  address	= {Seatle, WA},
  day		= {28~} # {September} # {~--~2~} # {October},
  month		= {September},
  isbn		= 0974530301,
  status	= {final},
  url		= {https://laszewski.github.io/papers/vonLaszewski-dublin-core.pdf}
}

@InProceedings{	  las03ftp,
  title		= {{A File Transfer Component for Grids}},
  author	= {von Laszewski, Gregor and Beulah Alunkal and Jarek Gawor and Ravi Madhuri and Pawel Plaszczak and Xian-He Sun},
  booktitle	= {Proceedings of the International Conferenece on Parallel and Distributed Processing Techniques and Applications},
  year		= 2003,
  address	= {Las Vegas},
  editor	= {H.R. Arabnia and Youngson Mun},
  month		= {June},
  day		= {~23-26},
  pages		= {24-30},
  publisher	= {CSREA Press},
  volume	= 1,
  status	= {final},
  url		= {https://laszewski.github.io/papers/vonLaszewski-gridftp.pdf}
}

@InCollection{	  las03gridcomputing,
  title		= {{Commodity Grid Kits - Middleware for Building Grid Computing Environments}},
  author	= {von Laszewski, Gregor and Jarek Gawor and Sriram Krishnan and Keith Jackson},
  booktitle	= {{Grid Computing: Making the Global Infrastructure a Reality}},
  publisher	= {Wiley},
  year		= 2003,
  editor	= {Fran Berman and Geoffrey Fox and Toney Hey},
  pages		= {639-656},
  series	= {Communications Networking and Distributed Systems},
  isbn		= {0-470-85319-0},
  status	= {final},
  url		= {https://laszewski.github.io/papers/vonLaszewski-grid2002book.pdf}
}

@Article{	  las03knowledge,
  title		= {{A Framework for Building Scientific Knowledge Grids Applied to Thermochemical Tables}},
  author	= {von Laszewski, Gregor and Branko Ruscic and Kaizar Amin and Patrick Wagstrom and Sriram Krishnan and Sandeep Nijsure},
  journal	= {The International Journal of High Performance Computing Applications},
  year		= 2003,
  month		= {December},
  day		= {Winter},
  number	= 4,
  pages		= {431-447},
  volume	= 17,
  doi		= {10.1177/10943420030174007},
  url		= {https://laszewski.github.io/papers/vonLaszewski-knowledge-grid.pdf}
}

@InProceedings{	  las03masses,
  title		= {{Grid Computing for the Masses: An Overview}},
  author	= {Kaizar Amin and von Laszewski, Gregor and Armin R. Mikler},
  booktitle	= {Grid and Cooperative Computing (GCC2003)},
  year		= 2003,
  address	= {Shanghai, China},
  month		= {December},
  pages		= {464-473},
  status	= {final},
  url		= {https://laszewski.github.io/papers/vonLaszewski-masses-gcc03.pdf}
}

@InProceedings{	  las03qos,
  title		= {{An OGSA-based Quality of Service Framework}},
  author	= {Rashid Al-Ali and Kaizar Amin and von Laszewski, Gregor and Omer Rana and David Walker},
  booktitle	= {Proceedings of the Second International Workshop on Grid and Cooperative Computing (GCC2003)},
  year		= 2004,
  address	= {Shanghai, China},
  editor	= {Li, Minglu and Sun, Xian-He and Deng, Qianni and Ni, Jun},
  month		= {December},
  day		= {7-10~},
  number	= 3003,
  pages		= {529-540},
  publisher	= {Springer Berlin / Heidelberg},
  series	= {Lecture Notes on Computer Science},
  anote		= {ISBN: 3-540-21993-5},
  doi		= {10.1007/978-3-540-24680-0_88},
  isbn		= {978-3-540-21993-4},
  url		= {https://laszewski.github.io/papers//vonLaszewski-qos.pdf}
}

@InProceedings{	  las03reputation,
  title		= {{Reputation-based Grid Resource Selection}},
  author	= {Beulah Alunkal and Ivana Veljkovic and von Laszewski, Gregor and Kaizar Amin},
  booktitle	= {Workshop on Adaptive Grid Middleware},
  year		= 2003,
  address	= {New Orleans, Louisiana},
  month		= {September},
  day		= {27~},
  organization	= {AGridM 2003},
  institution	= {Argonne National Laboratory},
  type		= {Argonne Preprint},
  url		= {https://laszewski.github.io/papers/vonLaszewski-reputation.pdf}
}

@Article{	  las04-abstraction-j,
  title		= {{An Abstraction Model for a Grid Execution Framework}},
  author	= {Kaizar Amin and von Laszewski, Gregor and Rashid Al Ali and Omer Rana and David Walker},
  journal	= {Euromicro Journal of Systems Architecture},
  year		= 2006,
  number	= 2,
  pages		= {73-87},
  volume	= 52,
  acmid		= 1140809,
  address	= {New York, NY, USA},
  doi		= {10.1016/j.sysarc.2004.10.007},
  issn		= {1383-7621},
  numpages	= 15,
  oldlabels	= {las04-abstraction-journal},
  publisher	= {Elsevier North-Holland, Inc.},
  url		= {https://laszewski.github.io/papers/vonLaszewski-abstraction-jsa.pdf}
}

@Article{	  las04-ftp-journal,
  title		= {{An Overview of Grid File Transfer Patterns and their Implementation in the Java CoG Kit}},
  author	= {von Laszewski, Gregor and Jarek Gawor and Pawel Plaszczak and Mike Hategan and Kaizar Amin and Ravi Madduri and Scott Gose},
  journal	= {Journal of Neural Parallel and Scientific Computing},
  year		= 2004,
  month		= {September},
  note		= {Special Issue on Grid Computing},
  number	= 3,
  pages		= {329-352},
  volume	= 12,
  acmid		= 1093539,
  address	= {Atlanta, GA, USA},
  issn		= {1061-5369},
  numpages	= 24,
  publisher	= {Dynamic Publishers, Inc.},
  url		= {https://laszewski.github.io/papers/vonLaszewski-overview-gridftp.pdf}
}

@InProceedings{	  las04-qos-ccgrid,
  title		= {{QoS Support for High-performance Scientific Grid Applications}},
  author	= {Rashid Al-Ali and von Laszewski, Gregor and Kaizar Amin and Mihael Hategan and Omer Rana and David Walker and Nester Zaluzec},
  booktitle	= {Proceedings of the IEEE/ACM 4th International Symposium on Cluster Computing and the Grid (CCGrid 2004)},
  year		= 2004,
  address	= {Chicago IL, USA},
  month		= {April},
  day		= {19-22~},
  pages		= {134-143},
  publisher	= {IEEE Computer Society Press},
  doi		= {10.1109/CCGrid.2004.1336559},
  status	= {final},
  url		= {https://laszewski.github.io/papers/vonLaszewski-qos-ccgrid04.pdf}
}

@Article{	  las04-qos-journal,
  title		= {{Analysis and Provision of QoS for Distributed Grid Applications}},
  author	= {Al-Ali, Rashid J. and Amin, Kaizar and von Laszewski, Gregor and Rana, Omer F. and Walker, David W. and Hategan, Mihael and Zaluzec, Nestor},
  journal	= {Journal of Grid Computing},
  year		= 2004,
  month		= {June},
  note		= {10.1007/s10723-004-6743-8},
  number	= 2,
  pages		= {163-182},
  volume	= 2,
  doi		= {10.1007/s10723-004-6743-8},
  issn		= {1570-7873},
  publisher	= {Springer Netherlands},
  url		= {https://laszewski.github.io/papers/vonLaszewski-qos-final-jogc.pdf}
}

@InProceedings{	  las04abstracting,
  title		= {{Abstracting the Grid}},
  author	= {Kaizar Amin and Mihael Hategan and von Laszewski, Gregor and Nestor J. Zaluzec},
  booktitle	= {Proceedings of the 12th Euromicro Conference on Parallel, Distributed and Network-Based Processing (PDP 2004)},
  year		= 2004,
  address	= {La Coru\~{n}a, Spain},
  month		= {February},
  day		= {11-13~},
  pages		= {250-257},
  doi		= {10.1109/EMPDP.2004.1271452},
  url		= {https://laszewski.github.io/papers/vonLaszewski-abstracting.pdf}
}

@InProceedings{	  las04adcom,
  title		= {{Toward an Architecture for Ad Hoc Grids}},
  author	= {Kaizar Amin and von Laszewski, Gregor and Armin R. Mikler},
  booktitle	= {12th International Conference on Advanced Computing and Communications (ADCOM 2004)},
  year		= 2004,
  address	= {Ahmedabad Gujarat, India},
  month		= {December},
  day		= {15-18~},
  status	= {final},
  url		= {https://laszewski.github.io/papers/vonLaszewski-adhoc-adcom2004.pdf}
}

@Article{	  las04atct-j,
  title		= {{Introduction to Active Thermochemical Tables: Several Key Enthalpies of Formation Revisited}},
  author	= {Branko Ruscic and Reinhardt E. Pinzon and Melita L. Morton and Gregor von Laszevski and Sandra J. Bittner and Sandeep G. Nijsure and Kaizar A. Amin and Michael Minkoff and Albert F. Wagner},
  journal	= {J. Phys. Chem. A},
  year		= 2004,
  number	= 45,
  pages		= {9979-9997},
  volume	= 108,
  doi		= {10.1021/jp047912y}
}

@InProceedings{	  las04clade,
  title		= {{A Collaborative Informatics Infrastructure for Multi-scale Science}},
  author	= {James D. Myers and Thomas C. Allison and Sandra Bittner and Brett Didier and Michael Frenklach and William H. Green and Jr. and Yen-Ling Ho and John Hewson and Wendy Koegler and Carina Lansing and David Leahy and Michael Lee and Renata McCoy and Michael Minkoff and Sandeep Nijsure and von Laszewski, Gregor and David Montoya and Carmen Pancerella and Reinhardt Pinzon and William Pitz and Larry A. Rahn and Branko Ruscic and Karen Schuchardt and Eric Stephan and Al Wagner and Theresa Windus and Christine Yang},
  booktitle	= {{Second International Workshop on Challenges of Large Applications in Distributed Environments}},
  year		= 2004,
  address	= {Honolulu, HI},
  month		= {June},
  day		= 7,
  pages		= {24-33},
  doi		= {10.1109/CLADE.2004.1309089},
  status	= {final},
  url		= {https://laszewski.github.io/papers/vonLaszewski-clade2004.pdf}
}

@InCollection{	  las04gestalt,
  title		= {{Gestalt of the Grid}},
  author	= {von Laszewski, Gregor and Patrick Wagstrom},
  booktitle	= {{Tools and Environments for Parallel and Distributed Computing}},
  publisher	= {Wiley},
  year		= 2004,
  editor	= {Salim Hariri and Manish Parashar},
  pages		= {149-187},
  series	= {Parallel and Distributed Computing},
  isbn		= {978-0-471-47484-5},
  status	= {final},
  url		= {https://laszewski.github.io/papers/vonLaszewski-gestalt.pdf}
}

@InProceedings{	  las04gridant,
  title		= {{GridAnt: A Client-Controllable Grid Workflow System}},
  author	= {Kaizar Amin and Mihael Hategan and von Laszewski, Gregor and Nestor J. Zaluzec and Shawn Hampton and Albert Rossi},
  booktitle	= {37th Hawai'i International Conference on System Science},
  year		= 2004,
  address	= {Island of Hawaii, Big Island},
  month		= {January},
  day		= {5-8~},
  note		= {{The original paper is: von Laszewski, Gregor, Kaizar Amin, Shawn Hampton, and Sandeep Nijsure. Technical report, Argonne National Laboratory, 31 July 2002. https://laszewski.github.io/papers/vonLaszewski-gridant.pdf.}},
  publisher	= {IEEE Computer Society, Los Alamitos, CA, USA},
  volume	= 7,
  doi		= {10.1109/HICSS.2004.1265491},
  ee		= {http://csdl.computer.org/comp/proceedings/hicss/2004/2056/07/205670210cabs.htm},
  issn		= {1530-1605},
  otherlabel	= {DBLP:conf/hicss/AminLHZHR04},
  url		= {https://laszewski.github.io/papers/vonLaszewski-gridant-hics.pdf}
}

@InCollection{	  las04middleware,
  title		= {{Middleware for Communications}},
  author	= {von Laszewski, Gregor and Kaizar Amin},
  booktitle	= {{Grid Middleware}},
  publisher	= {Wiley},
  year		= 2004,
  editor	= {Qusay H. Mahmoud},
  pages		= {109-130},
  doi		= {10.1002/0470862084.ch5},
  isbn		= {0-470-86206-3},
  status	= {final},
  url		= {https://laszewski.github.io/papers/vonLaszewski-grid-middleware.pdf}
}

@InCollection{	  las05-qos-book,
  title		= {{Quality-of-Service Based Grid Communities}},
  author	= {Omer Rana and Asif Akram and Rashid Al-Ali and David Walker and Gregor von Laszewski and Kaizar Amin},
  booktitle	= {{Extending Web Services Technologies: The Use of Multi-Agent Approaches}},
  publisher	= {Springer},
  year		= 2005,
  editor	= {Lawrence Cavedon and Zakaria Maamar and David Martin and Boualem Benatallah},
  series	= {Multiagent Systems, Artificial Societies, and Simulated Organizations},
  volume	= 13,
  doi		= {10.1007/0-387-23344-X_8},
  isbn		= {0-387-23343-1},
  oldlabels	= {las04-qos-book}
}

@InProceedings{	  las05adhoc-quality,
  title		= {{Quality Assured Ad Hoc Grids}},
  author	= {Kaizar Amin and von Laszewski, Gregor and Armin R. Mikler},
  booktitle	= {{International Conference on Autonomic and Autonomous Systems International Conference on Networking and Services}},
  year		= 2005,
  address	= {Papeete, Tahiti, French Polynesia},
  month		= {October},
  day		= {23-28~},
  publisher	= {IEEE},
  doi		= {10.1109/ICAS-ICNS.2005.82},
  status	= {final},
  url		= {https://laszewski.github.io/papers/vonLaszewski-adhoc-quality.pdf}
}

@Article{	  las05atct,
  title		= {{Active Thermochemical Tables: Thermochemistry for the 21st century}},
  author	= {Branko Ruscic and Reinhardt E. Pinzon and von Laszewski, Gregor and Deepti Kodeboyina and Alexander Burcat and David Leahy and David Montoya and and Albert F. Wagner},
  journal	= {Journal of Physics},
  year		= 2005,
  pages		= {561-570},
  volume	= 16,
  doi		= {10.1088/1742-6596/16/1/078},
  url		= {https://laszewski.github.io/papers/vonLaszewski-scidac-atct.pdf}
}

@InProceedings{	  las05ca,
  title		= {{A Grid Certificate Authority for Community and Ad-hoc Grids}},
  author	= {von Laszewski, Gregor and Mikhail Sosonkin},
  booktitle	= {7th International Workshop on Java for Parallel and Distributed Computing, published in the Proceedings of the 19th International Parallel and Distributed Processing Symposium},
  year		= 2005,
  address	= {Denver, CO},
  month		= {April},
  day		= {4-8~},
  publisher	= {IEEE},
  doi		= {10.1109/IPDPS.2005.29},
  oldlabels	= {vonLaszewski-ca05},
  status	= {final},
  url		= {https://laszewski.github.io/papers/vonLaszewski-ca-workshop.pdf}
}

@TechReport{	  las05exp,
  title		= {{The Java CoG Kit Experiment Manager}},
  author	= {von Laszewski, Gregor},
  institution	= {Argonne National Laboratory},
  year		= 2005,
  month		= {June},
  number	= {P1259},
  status	= {tmp},
  url		= {https://laszewski.github.io/papers/vonLaszewski-exp.pdf}
}

@Article{	  las05gridhistory,
  title		= {{The Grid-Idea and Its Evolution}},
  author	= {von Laszewski, Gregor},
  journal	= {Journal of Information Technology},
  year		= 2005,
  month		= {June},
  number	= 6,
  pages		= {319-329},
  volume	= 47,
  doi		= {10.1524/itit.2005.47.6.319},
  status	= {final},
  url		= {https://laszewski.github.io/papers/vonLaszewski-grid-idea.pdf}
}

@Article{	  las05portalarch,
  title		= {{Grid Portal Architectures for scientific applications}},
  author	= {M. Thomas and J. Burruss and L. Cinquini and G. Fox and D. Gannon and L. Glilbert and von Laszewski, Gregor and K. Jackson and D. Middleton and R. Moore and M. Pierce and B. Plale and A. Rajasekar and R. Regno and E. Roberts and D. Schissel and A. Seth and W. Schroeder},
  journal	= {Journal of Physics},
  year		= 2005,
  pages		= {596-600},
  volume	= 16,
  doi		= {10.1088/1742-6596/16/1/083},
  url		= {https://laszewski.github.io/papers/jpconf5_16_083.pdf}
}

@Article{	  las05reputation-j,
  title		= {{Toward Reputable Grids}},
  author	= {von Laszewski, Gregor and Beulah Alunkal and Ivana Veljkovic},
  journal	= {Scalable Computing: Practice and Experience},
  year		= 2005,
  month		= {September},
  note		= {submitted in 2003},
  number	= 3,
  pages		= {95-106},
  volume	= 6,
  oldlabels	= {las03reputation-journal},
  url		= {https://laszewski.github.io/papers/vonLaszewski-pdcp-reputation.pdf}
}

@Article{	  las05workflow-jgc,
  title		= {{Workflow Concepts of the Java CoG Kit}},
  author	= {von Laszewski, Gregor},
  journal	= {Journal of Grid Computing},
  year		= 2005,
  month		= {January},
  pages		= {239-258},
  volume	= 3,
  doi		= {10.1007/s10723-005-9013-5},
  issn		= {1570-7873},
  issue		= {3-4},
  publisher	= {Springer Netherlands},
  url		= {https://laszewski.github.io/papers/vonLaszewski-workflow-taylor-anl.pdf}
}

@InProceedings{	  las05workflowrepo,
  title		= {{A Repository Service for Grid Workflow Components}},
  author	= {von Laszewski, Gregor and Deepti Kodeboyina},
  booktitle	= {{Proceedings of the Joint International Conference on Autonomic and Autonomous Systems and International Conference on Networking and Services}},
  year		= 2005,
  address	= {Papeete, Tahiti, French Polynesia},
  month		= {October},
  day		= {23-28~},
  note		= {http://dl.acm.org/citation.cfm?id=1105923.1106017},
  pages		= {84--},
  publisher	= {IEEE Computer Society, Washington, DC, USA},
  series	= {ICAS-ICNS '05},
  acmid		= 1106017,
  isbn		= {0-7695-2450-8},
  oldlabels	= {las05workflowrepository},
  url		= {https://laszewski.github.io/papers/vonLaszewski-workflow-repository.pdf}
}

@InProceedings{	  las06-exp-a,
  title		= {{The Java CoG Kit Experiment Manager}},
  author	= {von Laszewski, Gregor and Christopher Grubbs and Matthew Bone and David Angulo},
  booktitle	= {International Workshop on Grid Computing Environments 2006 in Conjunction with SC06},
  year		= 2006,
  owner		= {neu},
  timestamp	= {2013.12.18},
  url		= {http://library.rit.edu/oajournals/index.php/gce/article/view/75/36}
}

@InCollection{	  las06-workflow-book,
  title		= {Grid Workflow with the Java CoG Kit},
  author	= {von Laszewski, Gregor and Mihael Hategan and Depti Kodeboyina},
  booktitle	= {{Workflows for E-science: Scientific Workflows for Grids}},
  publisher	= {Springer-Verlag New York, Inc.},
  year		= 2007,
  address	= {Secaucus, NJ, USA},
  editor	= {Ian J. Taylor and Ewa Deelman and Dennis B. Gannon and Matthew Shields},
  isbn		= 1846285194,
  url		= {https://laszewski.github.io/papers/vonLaszewski-workflow-book.pdf}
}

@InProceedings{	  las06cobalt,
  title		= {{Workflow Management Through Cobalt}},
  author	= {Gregor von Laszewski and Christopher Grubb and Matthew Bone and David Angulo},
  booktitle	= {International Workshop on Grid Computing Environments 2006 in Conjunction with SC06},
  year		= 2006,
  owner		= {neu},
  timestamp	= {2013.12.18},
  url		= {http://library.rit.edu/oajournals/index.php/gce/article/view/73/34}
}

@Proceedings{	  las06gce,
  title		= {{Grid Computing Environments 2006 Confernce Proceeedings}},
  year		= 2006,
  address	= {Tampa, FL},
  author	= {von Laszewski, Gregor},
  editor	= {von Laszewski, Gregor},
  month		= {November},
  organization	= {in conjunction with IEEE/ACM SC06},
  publisher	= {Published Aug. 2008, Rochester Institute of Technology, Rochester NY},
  oldlabel	= {gce06},
  url		= {http://library.rit.edu/oajournals/index.php/gce/issue/view/10/showToc}
}

@Article{	  las06guss-j,
  title		= {{A Portal for Visualizing Grid Usage}},
  author	= {von Laszewski, Gregor and Jonathan DiCarlo and Bill Allcock},
  journal	= {Concurrency and Computation: Practice and Experience},
  year		= 2007,
  month		= {August},
  number	= 12,
  pages		= {1683-1692},
  volume	= 19,
  acmid		= 1285349,
  address	= {Chichester, UK},
  doi		= {10.1002/cpe.v19:12},
  issn		= {1532-0626},
  numpages	= 10,
  publisher	= {John Wiley and Sons Ltd.},
  url		= {https://laszewski.github.io/papers/vonLaszewski-guss.pdf}
}

@InProceedings{	  las06water,
  title		= {{An Adaptive Cyberinfrastructure for Threat Management in Urban Water Distribution Systems}},
  author	= {Mahinthaku{March}, Kumar and von Laszewski, Gregor and Ranjithan, Ranji and Brill, Downey and Uber, Jim and Harrison, Ken and Sreepathi, Sarat and Zechman, Emily},
  booktitle	= {Proceedings of the International Conference on Computational Science, ICCS 2006},
  year		= 2006,
  address	= {Berlin, Heidelberg},
  pages		= {401-408},
  publisher	= {Springer-Verlag},
  series	= {ICCS'06},
  volume	= 3993,
  acmid		= 2107159,
  doi		= {10.1007/11758532_54},
  isbn		= {3-540-34383-0, 978-3-540-34383-7},
  location	= {Reading, UK},
  numpages	= 8,
  vol		= 3,
  url		= {https://laszewski.github.io/papers/vonLaszewski-water-iccs.pdf}
}

@InCollection{	  las06workcoordination,
  title		= {{Work coordination for Grid computing}},
  author	= {von Laszewski, Gregor and Mihael Hategan and Deepti Kodeboyina},
  booktitle	= {{Grid Technologies}},
  publisher	= {Wit},
  year		= 2006,
  editor	= {M.P. Bekakos and G.A. Gravvanis and H.R. Arabnia},
  series	= {State-of-the-art in Science and Engineering},
  volume	= 5,
  isbn		= {1-84564-055-1},
  url		= {https://laszewski.github.io/papers/vonLaszewski-work-coordination.pdf}
}

@Proceedings{	  las07gce,
  title		= {{Grid Computing Environments 2007 Confernce Proceeedings}},
  year		= 2007,
  address	= {Reno, NV},
  editor	= {von Laszewski, Gregor},
  author	= {von Laszewski, Gregor},
  month		= {November},
  organization	= {in conjunction with IEEE/ACM SC07},
  publisher	= {Published Mar. 2008, Rochester Institute of Technology, Rochester NY},
  oldlabel	= {gce07},
  url		= {http://library.rit.edu/oajournals/index.php/gce/issue/view/9/showToc}
}

@InProceedings{	  las07gridtorrent,
  title		= {{GridTorrent Framework: A High-performance Data Transfer and Data Sharing Framework for Scientific Computing}},
  author	= {Kaplan, Ali and C. Fox, Geoffrey and von Laszewski, Gregor},
  booktitle	= {International Workshop on Grid Computing Environments 2007 (GCE07)},
  year		= 2007,
  ee		= {https://ritdml.rit.edu/handle/1850/9682},
  oldlabel	= {kaplan2007gridtorrent},
  timestamp	= {2008.05.06},
  url		= {https://laszewski.github.io/papers/vonLaszewski-torrent.pdf}
}

@InProceedings{	  las07javascript,
  title		= {{JavaScript Grid Abstractions}},
  author	= {von Laszewski, Gregor and Fugang Wang and Andrew Younge and Zhenhua Guo and Marlon Pierce},
  booktitle	= {Proceedings of the Grid Computing Environments 2007 at SC07},
  year		= 2007,
  address	= {Reno, NV},
  month		= {November},
  publisher	= {IEEE},
  timestamp	= {2008.12.04},
  url		= {https://laszewski.github.io/papers/vonLaszewski-07-javascript.pdf}
}

@Article{	  las07ogce,
  title		= {{The Open Grid Computing Environments collaboration: portlets and services for science gateways}},
  author	= {Alameda, Jay and Christie, Marcus and Fox, Geoffrey and Futrelle, Joe and Gannon, Dennis and Hategan, Mihael and Kandaswamy, Gopi and von Laszewski, Gregor and Nacar, Mehmet A. and Pierce, Marlon and Roberts, Eric and Severance, Charles and Thomas, Mary},
  journal	= {Concurrency and Computation: Practice and Experience},
  year		= 2007,
  number	= 6,
  pages		= {921--942},
  volume	= 19,
  doi		= {10.1002/cpe.1078},
  issn		= {1532-0634},
  key		= {alameda2007ogc},
  keywords	= {portlets, collaboration, Grid services},
  oldlabel	= {alameda2007ogc},
  publisher	= {John Wiley and Sons, Ltd.},
  status	= {final},
  timestamp	= {2008.11.05}
}

@InProceedings{	  las07torrent,
  title		= {{GridTorrent Framework: A High-performance Data Transfer and Data Sharing Framework for Scientific Computing}},
  author	= {Ali Kaplan and Geoffrey C. Fox and von Laszewski, Gregor},
  booktitle	= {International Workshop on Grid Computing Environments 2007 in Conjunction with SC07},
  year		= 2007,
  owner		= {neu},
  timestamp	= {2013.12.18},
  url		= {http://library.rit.edu/oajournals/index.php/gce/article/view/85/46}
}

@InProceedings{	  las08-javascript,
  title		= {{Cyberaide JavaScript: A JavaScript Commodity Grid Kit}},
  author	= {von Laszewski,Gregor and Fugang Wang and Andrew Younge and Xi He and Zhenhua Guo and Marlon Pierce},
  booktitle	= {GCE08 at SC'08},
  year		= 2008,
  address	= {Austin, TX},
  month		= {November},
  day		= 16,
  publisher	= {IEEE},
  doi		= {10.1109/GCE.2008.4738448},
  otherlabel	= {las08-javascript},
  status	= {final},
  url		= {https://laszewski.github.io/papers/vonLaszewski-08-javascript.pdf}
}

@InProceedings{	  las08-project,
  title		= {{e-Science Project and Experiment Management with Microsoft Project}},
  author	= {von Laszewski, Gregor and Leor E. Dilmanian},
  booktitle	= {Grid Computing Environments Workshop, GCE'08},
  year		= 2008,
  address	= {Austin, TX},
  month		= {November},
  day		= 16,
  publisher	= {IEEE},
  doi		= {10.1109/GCE.2008.4738449},
  url		= {https://laszewski.github.io/papers/vonLaszewski-08-project-ieee.pdf}
}

@TechReport{	  las08cumulus,
  author	= {Lizhe Wang and Gregor von Laszewski and Marcel Kunze and Jie Tao},
  title		= {A cumulus project: design and implementation},
  institution	= {Rochester Institute of Technology},
  year		= 2008,
  type		= {Report},
  url		= {http://scholarworks.rit.edu/cgi/viewcontent.cgi?article=1686&context=article}
}

@InProceedings{	  las08federated-cloud,
  title		= {{Design of an Accounting and Metric-based Cloud-shifting and Cloud-seeding Framework for Federated Clouds and Bare-metal Environments}},
  author	= {von Laszewski, Gregor and Lee, Hyungro and Diaz, Javier and Wang, Fugang and Tanaka, Koji and Karavinkoppa, Shubhada and Fox, Geoffrey C. and Furlani, Tom},
  booktitle	= {Proceedings of the 2012 Workshop on Cloud Services, Federation, and the 8th Open Cirrus Summit},
  year		= 2012,
  address	= {New York, NY, USA},
  pages		= {25--32},
  publisher	= {ACM},
  series	= {FederatedClouds '12},
  acmid		= 2378982,
  doi		= {10.1145/2378975.2378982},
  isbn		= {978-1-4503-1754-2},
  keywords	= {cloud metric, cloud seeding, cloud shifting, dynamic provisioning, federated clouds, futuregrid, rain},
  location	= {San Jose, California, USA},
  numpages	= 8
}

@Unpublished{	  las08gridshell,
  title		= {{Cyberaide Shell: Interactive Task Management for Grids and Cyberinfrastructure}},
  author	= {Gregor von Laszewski and Andrew Younge and Fugang Wang and Xi He},
  year		= 2009,
  note		= {Draft}
}

@InProceedings{	  las08project-position,
  title		= {{Accelerating Time to Scientific Discovery with a Grid-Enhanced Microsoft Project}},
  author	= {von Laszewski, Gregor and Leor Dilmanian},
  booktitle	= {{2008 Microsoft eScience Workshop}},
  year		= 2008,
  address	= {Indianapolis, IN, USA},
  month		= {December},
  day		= {7-9},
  url		= {https://laszewski.github.io/papers/las08msproject.pdf}
}

@InProceedings{	  las09ccgrid,
  title		= {{Experiment and Workflow Management Using Cyberaide Shell}},
  author	= {von Laszewski, Gregor and Andrew Younge and Xi He and Kumar Mahinthakumar and Lizhe Wang},
  booktitle	= {4th International Workshop on Workflow Systems in e-Science (WSES 09) in conjunction with 9th IEEE International Symposium on Cluster Computing and the Grid},
  year		= 2009,
  address	= {Shanghai, China},
  month		= {May},
  pages		= {568-573},
  publisher	= {IEEE},
  doi		= {10.1109/CCGRID.2009.66},
  status	= {final},
  url		= {https://laszewski.github.io/papers/vonLaszewski-ccgrid09-final.pdf}
}

@Article{	  las09cloud,
  title		= {{Cloud Computing: a Perspective Study}},
  author	= {Lizhe Wang and Gregor von Laszewski and Andrew J. Younge and Xi He and Marcel Kunze and Jie Tao and Cheng Fu},
  journal	= {New Generation Computing},
  year		= 2010,
  note		= {Springer and Ohmsha, Ltd.},
  number	= 2,
  pages		= {137-146},
  volume	= 28,
  doi		= {10.1007/s00354-008-0081-5},
  oldlabel	= {journals/ngc09/Wang09, Wang2010ngc},
  url		= {https://laszewski.github.io/papers/08-ngc.pdf}
}

@InCollection{	  las09cloudcomp,
  title		= {{Cyberaide Virtual Applicance: On-Demand Deploying Middleware for Cyberinfrastructure}},
  author	= {Kurze, Tobias and Wang, Lizhe and Laszewski, Gregor von and Tao, Jie and Kunze, Marcel and Wang, Fugang and Kramer, David and Karl, Wolfgang and Ekanayake, Jaliya},
  booktitle	= {International Conference on Cloud Computing (CloudComp'09)},
  publisher	= {Springer Berlin Heidelberg},
  year		= 2010,
  address	= {Munich, Germany},
  editor	= {Avresky, Dimiter R. and Diaz, Michel and Bode, Arndt and Ciciani, Bruno and Dekel, Eliezer and Akan, Ozgur and Bellavista, Paolo and Cao, Jiannong and Dressler, Falko and Ferrari, Domenico and Gerla, Mario and Kobayashi, Hisashi and Palazzo, Sergio and Sahni, Sartaj and Shen, Xuemin (Sherman) and Stan, Mircea and Xiaohua, Jia and Zomaya, Albert and Coulson, Geoffrey},
  month		= {October},
  day		= {19-21},
  pages		= {132-144},
  series	= {Lecture Notes of the Institute for Computer Sciences, Social Informatics and Telecommunications Engineering},
  volume	= 34,
  doi		= {10.1007/978-3-642-12636-9_10},
  isbn		= {978-3-642-12636-9},
  keyword	= {Computer Science},
  url		= {https://laszewski.github.io/papers/09-cloudcomp/paper.pdf}
}

@InProceedings{	  las09cluster,
  title		= {{Power-Aware Scheduling of Virtual Machines in DVFS-enabled Clusters}},
  author	= {von Laszewski, Gregor and Lizhe Wang and Andrew J. Younge and Xi He},
  booktitle	= {Proceedings of the 2009 IEEE International Conference on Cluster Computing (Cluster 2009)},
  year		= 2009,
  address	= {New Orleans},
  month		= {August},
  day		= {31 Aug. -- Sep. 4},
  publisher	= {IEEE},
  doi		= {10.1109/GREENCOMP.2010.5598294},
  otherlabel	= {DBLP:conf/cluster/Wang09},
  status	= {accepted},
  timestamp	= {2009.06.21},
  url		= {https://laszewski.github.io/papers/vonLaszewski-cluster09.pdf}
}

@InProceedings{	  las09gridcat,
  title		= {{Cyberaide Creative: On-Demand Cyberinfrastructure Provision in Clouds}},
  author	= {Casey Rathbone and Lizhe Wang and von Laszewski, Gregor and Fugang Wang},
  booktitle	= {International Workshop on Grid Computing, Applications, and Technologies (GridCAT 2009) in conjunction with the 10th International Symposium on Pervasive Systems, Algorithms and Networks (I-SPAN 2009)},
  year		= 2009,
  address	= {Kaoshiung, Taiwan},
  month		= {December},
  day		= {14-16~},
  pages		= {684-690},
  publisher	= {IEEE},
  doi		= {10.1109/I-SPAN.2009.23},
  url		= {https://laszewski.github.io/papers/vonLaszewski-ispan2.pdf}
}

@InProceedings{	  las09ipccc,
  title		= {{Thermal Aware Workload Scheduling with Backfilling for Green Data Centers}},
  author	= {Lizhe Wang and von Laszewski, Gregor and Jai Dayal and Xi He and Thomas R. Furlani},
  booktitle	= {{Proceedings of the 28th IEEE International Performance Computing and Communications Conference (IPCCC)}},
  year		= 2009,
  address	= {Arizona, U.S.},
  month		= {December},
  pages		= {289 -296},
  doi		= {10.1109/PCCC.2009.5403821},
  issn		= {1097-2641}
}

@InProceedings{	  las09ispa,
  title		= {{Accelerating Partitional Algorithms for Flow Cytometry on GPUs}},
  author	= {Jeremy Espenshade and Andrew Pangborn and James Cavenaugh and von Laszewski, Gregor and Doug Roberts},
  booktitle	= {The 7th IEEE International Symposium on Parallel and Distributed Processing with Applications (ISPA-09)},
  year		= 2009,
  address	= {Chengdu and Jiuzhai Valley, China},
  month		= {August},
  pages		= {226-233},
  publisher	= {IEEE},
  doi		= {10.1109/ISPA.2009.29},
  url		= {https://laszewski.github.io/papers/vonLaszewski-09-cuda-biostat-ispa.pdf}
}

@InProceedings{	  las09ispan,
  title		= {{Towards Thermal Aware Workload Scheduling in a Data Center}},
  author	= {Wang, Lizhe and von Laszewski, Gregor and Dayal, Jai and He, Xi and Younge, Andrew J. and Furlani, Thomas R.},
  booktitle	= {{Proceedings of the 10th International Symposium on Pervasive Systems, Algorithms, and Networks (ISPAN2009)}},
  year		= 2009,
  address	= {Kao-Hsiung, Taiwan},
  month		= {December},
  day		= {14-16},
  pages		= {116-122},
  publisher	= {IEEE Computer Society, Washington, DC, USA},
  series	= {ISPAN '09},
  acmid		= 1728982,
  doi		= {10.1109/I-SPAN.2009.22},
  isbn		= {978-0-7695-3908-9},
  numpages	= 7
}

@InProceedings{	  las09sla,
  title		= {{GreenIT Service Level Agreements}},
  author	= {von Laszewski, Gregor and Lizhe Wang},
  booktitle	= {{Service Level Agreements in Grids Workshop, colocated with IEEE/ACM Grid 2009 Conference}},
  year		= 2009,
  address	= {Banff, Canada},
  month		= {October},
  day		= {13~},
  status	= {final},
  url		= {https://laszewski.github.io/papers/vonLaszewski-greenit-sla.pdf}
}

@InProceedings{	  las10ccgrid,
  title		= {{Towards Energy Aware Scheduling for Precedence Constrained Parallel Tasks in a Cluster with DVFS}},
  author	= {Wang, Lizhe and von Laszewski, Gregor and Dayal, Jay and Wang, Fugang},
  booktitle	= {{Proceedings of the 10th IEEE/ACM International Conference on Cluster, Cloud and Grid Computing}},
  year		= 2010,
  address	= {Melbourne, Victoria, Australia},
  month		= {May},
  day		= {17-20~},
  pages		= {368--377},
  publisher	= {IEEE Computer Society, Washington, DC, USA},
  series	= {CCGRID '10},
  acmid		= 1845153,
  doi		= {10.1109/CCGRID.2010.19},
  isbn		= {978-0-7695-4039-9},
  keywords	= {Cluster Computing, Green Computing, Task Scheduling},
  numpages	= 10,
  url		= {https://laszewski.github.io/papers/vonLaszewski-10-ccgrid.pdf}
}

@InProceedings{	  las10energycloud,
  title		= {{Efficient resource management for Cloud computing environments}},
  author	= {Younge, Andrew J. and von Laszewski, Gregor and Wang, Lizhe and Lopez-Alarcon, Sonia and Carithers, Warren},
  booktitle	= {Proceedings of the International Conference on Green Computing},
  year		= 2010,
  address	= {Chicago, IL},
  pages		= {357-364},
  publisher	= {IEEE Computer Society, Washington, DC, USA},
  series	= {GREENCOMP '10},
  acmid		= 1909753,
  doi		= {10.1109/GREENCOMP.2010.5598294},
  isbn		= {978-1-4244-7612-1},
  numpages	= 8,
  url		= {https://laszewski.github.io/papers/10-ajy-igcc.pdf}
}

@Article{	  las10ijahuc,
  title		= {{Virtual Data System on Distributed Virtual Machines in Computational Grids}},
  author	= {Wang, Lizhe and Laszewski, Gregor Von and Tao, Jie and Kunze, Marcel},
  journal	= {International Journal of Ad Hoc and Ubiquitous Compututing},
  year		= 2010,
  month		= {September},
  number	= 4,
  pages		= {194--204},
  volume	= 6,
  acmid		= 1866088,
  doi		= {10.1504/IJAHUC.2010.035532},
  issn		= {1743-8225},
  issue_date	= {September 2010},
  keywords	= {compact muon solenoid, distributed virtual machines, grid computing, grid workflow, high energy physics applications, virtual data systems},
  numpages	= 11,
  publisher	= {Inderscience Publishers, Geneva, Switzerland}
}

@InProceedings{	  las10onserve,
  title		= {{Cyberaide onServe: Software as a Service on Production Grids}},
  author	= {Tobias Kurze and Lizhe Wang and von Laszewski, Gregor and Jie Tao and Marcel Kunze},
  booktitle	= {{Proceedings of the 39th International Conference on Parallel Processing (ICPP'10)}},
  year		= 2010,
  address	= {San Diego, CA, USA},
  month		= {September},
  day		= {13-16~},
  pages		= {395-403},
  doi		= {10.1109/ICPP.2010.47},
  url		= {https://laszewski.github.io/papers/vonLaszewski-icpp.pdf}
}

@InCollection{	  las10sla,
  title		= {{GreenIT Service Level Agreements}},
  author	= {von Laszewski, Gregor and Lizhe Wang},
  booktitle	= {{Grids and Service-Oriented Architectures for Service Level Agreements}},
  year		= 2010,
  editor	= {Wieder, Philipp and Yahyapour, Ramin and Ziegler, Wolfgang},
  pages		= {77-88},
  isbn		= {978-1-4419-7320-7},
  url		= {https://laszewski.github.io/papers/vonLaszewski-greenit-sla.pdf}
}

@Article{	  las10ve-journal,
  title		= {{Provide Virtual Distributed Environments for Grid computing on Demand}},
  author	= {Wang, Lizhe and von Laszewski, Gregor and Kunze, Marcel and Tao, Jie and Dayal, Jai},
  journal	= {Advances in Engineering Software},
  year		= 2010,
  month		= {February},
  number	= 2,
  pages		= {213-219},
  volume	= 41,
  acmid		= 1663939,
  address	= {Oxford, UK},
  doi		= {10.1016/j.advengsoft.2009.09.002},
  issn		= {0965-9978},
  issue_date	= {February, 2010},
  keywords	= {Grid computing, Virtual environment, Virtual machine},
  numpages	= 7,
  publisher	= {Elsevier Science Ltd.},
  url		= {https://laszewski.github.io/papers/vonLaszewski-vapl.pdf}
}

@InProceedings{	  las10vmschedule,
  title		= {{Schedule Distributed Virtual Machines in a Service Oriented Environment}},
  author	= {Lizhe Wang and von Laszewski, Gregor and Jie Tao and Marcel Kunze},
  booktitle	= {{Proceedings of the 24th IEEE International Conference on Advanced Information Networking and Applications (AINA'10)}},
  year		= 2010,
  address	= {Perth, Australia},
  month		= {April},
  day		= {20-23},
  pages		= {230--236},
  doi		= {10.1109/AINA.2010.47},
  issn		= {1550-445X},
  url		= {https://laszewski.github.io/papers/vonLaszewski-09-aina.pdf}
}

@Article{	  las11ann,
  title		= {{Task scheduling with ANN-based temperature prediction in a data center: a simulation-based study}},
  author	= {Lizhe Wang and Gregor von Laszewski and Fang Huang and Jai Dayal and Tom Frulani and Geoffrey Fox},
  journal	= {Eng. Comput. (Lond.)},
  year		= 2011,
  number	= 4,
  pages		= {381-391},
  volume	= 27,
  bibsource	= {DBLP, http://dblp.uni-trier.de},
  doi		= {10.1007/s00366-011-0211-4},
  url		= {https://laszewski.github.io/papers/las11ann-schedule.pdf}
}

@Article{	  las11emolst,
  title		= {{eMOLST: a documentation flow for distributed health informatics}},
  author	= {Gregor von Laszewski and Jai Dayal and Lizhe Wang},
  journal	= {Concurrency and Computation: Practice and Experience},
  year		= 2011,
  number	= 16,
  pages		= {1857-1867},
  volume	= 23,
  bibsource	= {DBLP, http://dblp.uni-trier.de},
  doi		= {10.1002/cpe.1745},
  url		= {https://laszewski.github.io/papers/vonLaszewski-10-CCPE-emolst.pdf}
}

@InCollection{	  las11greenchapter,
  title		= {{Providing a Green Framework for Cloud Based Data Centers}},
  author	= {Younge, A. J. and von Laszewski, Gregor and Wang, L. and Fox, G. C.},
  booktitle	= {The Handbook of Energy-Aware Green Computing},
  publisher	= {Chapman and Hall/CRC Press},
  year		= 2011,
  chapter	= 17,
  editor	= {Ahmad, I. and Ranka, Sanjay},
  isbn		= {978-1-4665-0116-4},
  otherkeys	= {las11greenitcloud},
  url		= {https://laszewski.github.io/papers/11-greenit-bookch.pdf}
}

@InCollection{	  las11ondemand,
  title		= {Towards on Demand IT Service Deployment},
  author	= {Jai Dayal and Casey Rathbone and Lizhe Wang and Gregor von Laszewski},
  booktitle	= {{Internet Policies and Issues. Volume 7 - 2nd quarter}},
  publisher	= {Nova},
  year		= 2011,
  pages		= {pp.249-262},
  isbn		= {978-1-61668-745-8},
  timestamp	= {2013.12.23}
}

@InProceedings{	  las11wtm-hadoop,
  title		= {{Simulation of Threat Management of Urban Water Distribution Systems with Grid Workflow}},
  author	= {von Laszewski, Gregor and Lizhe Wang and Fugang Wang},
  booktitle	= {{The Second International Conference on Parallel, Distributed, Grid and Cloud Computing for Engineering}},
  year		= 2011,
  address	= {Ajaccio, Corsica, France},
  month		= {April},
  day		= {12-15},
  note		= {Extended paper available},
  doi		= {10.1007/11758532_54},
  url		= {https://laszewski.github.io/papers/vonLaszewski-11-wtm-hadoop.pdf}
}

@Proceedings{	  las12fedcloud-proc,
  title		= {{FederatedClouds '12: Proceedings of the 2012 Workshop on Cloud Services, Federation, and the 8th Open Cirrus Summit}},
  year		= 2012,
  address	= {New York, NY, USA},
  editor	= {vonLaszewski, Gregor and Robert Grossman and Michael Kozuchand Rick McGeerand Dejan Milojicic},
  author	= {vonLaszewski, Gregor and Robert Grossman and Michael Kozuchand Rick McGeerand Dejan Milojicic},
  publisher	= {ACM},
  isbn		= {978-1-4503-1754-2},
  location	= {San Jose, California, USA},
  url		= {http://dl.acm.org/citation.cfm?id=2378975&picked=prox&cfid=389635474&cftoken=32712991}
}

@InCollection{	  las12fg-bookchapter,
  title		= {{FutureGrid - a reconfigurable testbed for Cloud, HPC and Grid Computing}},
  author	= {Geoffrey C. Fox and Gregor von Laszewski and Javier Diaz and Kate Keahey and Jose Fortes and Renato Figueiredo and Shava Smallen and Warren Smith and Andrew Grimshaw},
  booktitle	= {{Contemporary HPC Architectures}},
  year		= 2012,
  edition	= {draft},
  url		= {https://laszewski.github.io/papers/vonLaszewski-12-fg-bookchapter.pdf}
}

@Article{	  las12xdmod-kernel,
  title		= {{Performance Metrics and Auditing Framework using Application Kernels for High-performance Computer Systems}},
  author	= {Thomas R Furlani and Barry I Schneider and Matthew D Jones and John, Towns and David L Hart and Abani K Patra and Robert L Deleon and Steven M Gallo and Charng-Da Lu and Amin Ghadersohi and Ryan J Gentner and Andrew E Bruno and John R Boisseau and Fugang Wang and Gregor Von Laszewski},
  journal	= {Concurrency and Computation: Practice and Experience},
  year		= 2012,
  number	= 7,
  pages		= {918-931},
  volume	= 25,
  doi		= {10.1002/cpe.2871},
  month		= {July},
  institution	= {University of Buffalo},
  url		= {https://laszewski.github.io/papers/vonLaszewski-draft-data-analytics-planing.pdf}
}

@Article{	  las13ondemand,
  title		= {{On-demand Service Hosting on Production Grid Infrastructures}},
  author	= {Lizhe Wang and Tobias Kurze and Jie Tao and Marcel Kunze and Gregor von Laszewski},
  journal	= {The Journal of Supercomputing},
  year		= 2013,
  number	= 3,
  pages		= {1178-1193},
  volume	= 66,
  doi		= {10.1007/s11227-011-0666-5}
}

@InProceedings{	  las13xdmod,
  title		= {{Using XDMoD to Facilitate XSEDE Operations, Planning and Analysis}},
  author	= {Furlani, Thomas R. and Schneider, Barry L. and Jones, Matthew D. and Towns, John and Hart, David L. and Gallo, Steven M. and DeLeon, Robert L. and Lu, Charng-Da and Ghadersohi, Amin and Gentner, Ryan J. and Patra, Abani K. and von Laszewski, Gregor and Wang, Fugang and Palmer, Jeffrey T. and Simakov, Nikolay},
  booktitle	= {{Proceedings of the Conference on Extreme Science and Engineering Discovery Environment: Gateway to Discovery}},
  year		= 2013,
  address	= {New York, NY, USA},
  pages		= {46:1--46:8},
  publisher	= {ACM},
  series	= {XSEDE '13},
  acmid		= 2484763,
  articleno	= 46,
  doi		= {10.1145/2484762.2484763},
  isbn		= {978-1-4503-2170-9},
  keywords	= {Scientific IMpact, XSEDE, XDMoD},
  location	= {San Diego, California},
  numpages	= 8
}

@InCollection{	  las14bigdata,
  title		= {{The FutureGrid Testbed for Big Data}},
  author	= {von Laszewski, Gregor and Wang, Fugang and Lee, Hyungro and Chen, Heng and Fox, Geoffrey C.},
  booktitle	= {Proceedings of the 2014 ACM International Workshop on Software-defined Ecosystems},
  publisher	= {ACM},
  year		= 2014,
  address	= {New York, NY, USA},
  editor	= {Xiaolin Li and Judy Qiu},
  pages		= {21--28},
  series	= {BigSystem '14},
  acmid		= 2609638,
  doi		= {10.1145/2609441.2609638},
  isbn		= {978-1-4503-2909-5},
  keywords	= {cloud computing},
  location	= {Vancouver, BC, Canada},
  numpages	= 8,
  url		= {http://doi.acm.org/10.1145/2609441.2609638}
}

@InProceedings{	  las14impact,
  title		= {{Towards a Scientific Impact Measuring Framework for Large Computing Facilities - a Case Study on XSEDE}},
  author	= {Wang, Fugang and von Laszewski, Gregor and Fox, Geoffrey C. and Furlani, Thomas R. and DeLeon, Robert L. and Gallo, Steven M.},
  booktitle	= {Proceedings of the 2014 Annual Conference on Extreme Science and Engineering Discovery Environment},
  year		= 2014,
  address	= {New York, NY, USA},
  pages		= {25:1--25:8},
  publisher	= {ACM},
  series	= {XSEDE '14},
  acmid		= 2616507,
  articleno	= 25,
  doi		= {10.1145/2616498.2616507},
  isbn		= {978-1-4503-2893-7},
  keywords	= {Scientific impact, Technology Audit Service, XDMoD, XSEDE, bibliometric, h-index},
  location	= {Atlanta, GA, USA},
  numpages	= 8,
  url		= {http://doi.acm.org/10.1145/2616498.2616507}
}

@InProceedings{	  las15cluster,
  author	= {von Laszewski, Gregor and Fugang Wang and Geoffrey C. Fox and David L. Hart and Thomas R. Furlani and Robert L. DeLeon and Steven M. Gallo},
  title		= {{Peer comparison of XSEDE and NCAR publication data}},
  booktitle	= {Proc. of IEEE Custer Computing},
  year		= 2015,
  month		= {September},
  address	= {Chicago IL},
  organization	= {Indiana University},
  publisher	= {IEEE},
  note		= {Poster, Technical Report},
  url		= {https://laszewski.github.io/papers//vonLaszewski-tas-cluster.pdf}
}

@TechReport{	  las15cluster-long,
  author	= {von Laszewski, Gregor and Fugang Wang and Geoffrey C. Fox and David L. Hart and Thomas R. Furlani and Robert L. DeLeon and Steven M. Gallo},
  title		= {Peer comparison of XSEDE and NCAR publication data},
  institution	= {Indiana University},
  year		= 2015,
  url		= {https://laszewski.github.io/papers//vonLaszewski-tas-cluster.pdf}
}

@InProceedings{	  las15xsede,
  author	= {von Laszewski, Gregor and Fugang Wang and Geoffrey C. Fox and David L. Hart and Thomas R. Furlani and Robert L. DeLeon and Steven M. Gallo},
  title		= {{Peer comparison of XSEDE publication data}},
  booktitle	= {XSEDE2015},
  year		= 2015,
  month		= {July},
  address	= {St. Louis},
  organization	= {Indiana University},
  publisher	= {IEEE},
  note		= {Poster, Technical Report},
  url		= {https://laszewski.github.io/papers/vonLaszewski-tas-xsede.pdf}
}

@InProceedings{	  las16virtcluster,
  author	= {Wagner, Rick and Papadopoulos, Philip and Mishin, Dmitry and Cooper, Trevor and Tatineti, Mahidhar and von Laszewski, Gregor and Wang, Fugang and Fox, Geoffrey C.},
  title		= {User Managed Virtual Clusters in Comet},
  booktitle	= {Proceedings of the XSEDE16 Conference on Diversity, Big Data, and Science at Scale},
  year		= 2016,
  pages		= {24:1--24:8},
  month		= {July},
  address	= {Miami, USA},
  publisher	= {ACM, New York, NY},
  doi		= {10.1145/2949550.2949555},
  isbn		= {978-1-4503-4755-6}
}

@InProceedings{	  las19-harc-comet,
  author	= {von Laszewski, Gregor and Fugang Wang and Geoffrey C. Fox and Shawn Strande and Christopher Irving and Trevor Cooper and Dmitry Mishin and Michael L. Norman},
  title		= {Human in the Loop Virtual Machine Management on Comet},
  booktitle	= {Humans in the Loop: Enabling and Facilitating Research on Cloud Computing},
  year		= 2019,
  month		= {July},
  address	= {Chicago, IL, USA},
  doi		= {10.1145/3355738.3355751},
  isbn		= {978-1-4503-7279-4/19/07},
  url		= {https://laszewski.github.io/papers/vonLaszewski-human-comet.pdf}
}

@InProceedings{	  las2010gce,
  title		= {{Design of the FutureGrid Experiment Management Framework}},
  author	= {Gregor von Laszewski and Geoffrey C. Fox and Fugang Wang and Younge, Andrew J and Kulshrestha and Gregory G. Pike and Warren Smith and Jens Voeckler and Renato J. Figueiredo and Jose Fortes and Kate Keahey and Ewa Deelman},
  booktitle	= {Proceedings of Gateway Computing Environments 2010 (GCE2010) at SC10},
  year		= 2010,
  address	= {New Orleans, LA},
  month		= {November},
  publisher	= {IEEE},
  doi		= {10.1109/GCE.2010.5676126}
}

@InProceedings{	  las2011virt,
  title		= {{Analysis of Virtualization Technologies for High Performance Computing Environments}},
  author	= {Andrew J. Younge and Robert Henschel and James T. Brown and Gregor von Laszewski and Judy Qiu and Geoffrey C. Fox},
  booktitle	= {Proceedings of the 4th International Conference on Cloud Computing (CLOUD 2011)},
  year		= 2011,
  address	= {Washington, DC},
  month		= {July},
  pages		= {9-16},
  publisher	= {IEEE},
  doi		= {10.1109/CLOUD.2011.29},
  otherlabel	= {Younge2011cloud},
  url		= {https://laszewski.github.io/papers/10-fg-hypervisor.pdf}
}

@InProceedings{	  las2015cluster,
  title		= {{Peer Comparison of Cluster Resource Provider Publication Data}},
  author	= {von Laszewski, Gregor and Fugang Wang and Geoffrey C. Fox and David L. Hart and Thomas R. Furlani and Robert L. DeLeon and Steven M. Gallo},
  booktitle	= {Cluster Computing 2015},
  year		= 2015,
  publisher	= {submitted to Cluster 2015 as Poster},
  owner		= {big},
  timestamp	= {2015.05.06},
  url		= {https://laszewski.github.io/papers/vonLaszewski-tas-cluster.pdf}
}

@InProceedings{	  las2015xsede,
  title		= {{Peer Comparison of XSEDE Publication Data}},
  author	= {von Laszewski, Gregor and Fugang Wang and Geoffrey C. Fox and David L. Hart and Thomas R. Furlani and Robert L. DeLeon and Steven M. Gallo},
  booktitle	= {XSEDE 2015},
  year		= 2015,
  publisher	= {submitted to XSEDE 2015 as Poster},
  owner		= {big},
  timestamp	= {2015.05.06},
  url		= {https://laszewski.github.io/papers/vonLaszewski-tas-xsede.pdf}
}

@InProceedings{	  las90natug,
  title		= {{A Parallel Genetic Algorithm for the Graph Partitioning Problem}},
  author	= {von Laszewski, Gregor},
  booktitle	= {{Transputer Research and Applications 4, Proceedings of the 4th Conference of the North-American Transputers Users Group}},
  year		= 1990,
  address	= {Ithaca, NY},
  editor	= {David Fielding},
  month		= {October},
  day		= {11-12},
  pages		= {164-172},
  publisher	= {IOS Press, Amsterdam},
  url		= {http://tinyurl.com/laszewski-natug}
}

@InProceedings{	  las90ppsn,
  title		= {{Partitioning a graph with a parallel genetic algorithm}},
  author	= {von Laszewski, Gregor and M{\"u}hlenbein, Heinz},
  booktitle	= {{1st International Workshop on Parallel Problem Solving from Nature}},
  year		= 1991,
  address	= {Dortmund, Germany},
  editor	= {Schwefel, Hans-Paul and M{\"a}nner, Reinhard},
  month		= {October},
  note		= {1-3 Oct 1990},
  pages		= {165-169},
  publisher	= {Springer Berlin / Heidelberg},
  series	= {Lecture Notes in Computer Science},
  volume	= 496,
  doi		= {10.1007/BFb0029748},
  isbn		= {978-3-540-54148-6},
  url		= {https://laszewski.github.io/papers/vonLaszewski-ppsn.pdf}
}

@InProceedings{	  las91icga,
  title		= {{Intelligent Structural Operators for the k-way Graph Partitioning Problem}},
  author	= {von Laszewski, Gregor},
  booktitle	= {{Proceedings of the 4th International Conference on Genetic Algorithms}},
  year		= 1991,
  address	= {San Diego, CA},
  month		= {July},
  day		= {14-17~},
  note		= {(Plenary presentation)},
  pages		= {45-52},
  publisher	= {Morgan Kaufman},
  isbn		= {1-55860-208-9},
  url		= {https://laszewski.github.io/papers/vonLaszewski-icga.pdf}
}

@InProceedings{	  las94ecwmf,
  title		= {{Design Issues for the Parallelization of an Optimal Interpolation Algorithm}},
  author	= {von Laszewski, Gregor and Mike Seablom and Milo Makivic and Peter Lyster and Sanya Ranka},
  booktitle	= {{Coming of Age, Proceedings of the 4th Workshop on the Use of Parallel Processing in Atmospheric Science}},
  year		= 1994,
  address	= {Reading, UK},
  editor	= {G.-R. Hoffman and N. Kreitz},
  day		= {21-25~},
  month		= {November},
  organization	= {European Centre for Medium Weather Forecast},
  pages		= {290-302},
  publisher	= {World Scientific},
  status	= {final},
  url		= {https://laszewski.github.io/papers/vonLaszewski94-4dda-design.pdf}
}

@InProceedings{	  las96ecwmf,
  title		= {{An Interactive Parallel Programming Environment Applied in Atmospheric Science}},
  author	= {von Laszewski, Gregor},
  booktitle	= {{Making Its Mark, Proceedings of the 6th Workshop on the Use of Parallel Processors in Meteorology}},
  year		= 1996,
  address	= {Reading, UK},
  editor	= {G.-R. Hoffman and N. Kreitz},
  day		= {2-6~},
  month		= {December},
  organization	= {European Centre for Medium Weather Forecast},
  pages		= {311-325},
  publisher	= {World Scientific},
  isbn		= {978-9810233501},
  status	= {final},
  url		= {https://laszewski.github.io/papers/vonLaszewski-ecwmf-interactive.pdf}
}

@InProceedings{	  las97hpdc,
  title		= {{A Directory Service for Configuring High-Performance Distributed Computations}},
  author	= {Steve Fitzgerald and Ian Foster and Carl Kesselman and von Laszewski, Gregor and Warren Smith and Steve Tuecke},
  booktitle	= {Proceedings of the 6th IEEE Symposium on High-Performance Distributed Computing},
  year		= 1997,
  address	= {Portland, OR},
  month		= {August},
  day		= {5-8~},
  pages		= {365-375},
  doi		= {10.1109/HPDC.1997.626445},
  oldlabel	= {DBLP:conf/hpdc/FitzgeraldFKLST97},
  status	= {final},
  url		= {https://laszewski.github.io/papers/fitzgerald-hpdc97-mds.pdf}
}

@InProceedings{	  las97nobugs,
  title		= {{Supercomputing Data Analysis with an Example on the APS CATs}},
  author	= {von Laszewski, Gregor and Mary L. Westbrook and Craig Barnes and Ian Foster},
  booktitle	= {International Workshop on New Opportunities for Better User Group Software (NOBUGS)},
  year		= 1997,
  month		= {December},
  organization	= {Argonne, IL},
  status	= {tmp},
  url		= {http://www.aps.anl.gov/News/Conferences/1997/nobugs/vonL.html}
}

@InProceedings{	  las98hpdc,
  title		= {{A Fault Detection Service for Wide Area Distributed Computations}},
  author	= {Paul Stelling and Ian Foster and Carl Kesselman and Craig Lee and von Laszewski, Gregor},
  booktitle	= {Proceedings of the 7th IEEE International Symposium on High Performance Distributed Computing},
  year		= 1998,
  address	= {Chicago, IL},
  month		= {July},
  day		= {28-31},
  pages		= {268-278},
  doi		= {10.1109/HPDC.1998.709981},
  issn		= {1082-8907},
  url		= {https://laszewski.github.io/papers/vonLaszewski-hbm-hpdc.pdf}
}

@Article{	  las99hbm-journal,
  title		= {{A Fault Detection Service for Wide Area Distributed Computations}},
  author	= {P. Stelling and C. DeMatteis and I. Foster and C. Kesselman and C. Lee and von Laszewski, Gregor},
  journal	= {Cluster Computing},
  year		= 1999,
  number	= 2,
  pages		= {117-128},
  volume	= 2,
  doi		= {10.1023/A:1019070407281},
  issn		= {1386-7857},
  oldlabel	= {Las99HBM},
  url		= {https://laszewski.github.io/papers/vonLaszewski-hbm-journal.pdf}
}

@Article{	  las99ieee,
  title		= {{Distance Visualization: Data Exploration on the Grid}},
  author	= {Ian Foster and Joeseph Insley and von Laszewski, Gregor and Carl Kesselman and Marcus Thiebaux},
  journal	= {IEEE Computer},
  year		= 1999,
  month		= {December},
  number	= 12,
  pages		= {36-43},
  volume	= 32,
  doi		= {10.1109/2.809249},
  issn		= {0018-9162},
  url		= {https://laszewski.github.io/papers/Foster_IEEEComputer.pdf}
}

@Article{	  las99loosely,
  title		= {{A Loosely Coupled Metacomputer: Cooperating Job Submissions Across Multiple Supercomputing Sites}},
  author	= {von Laszewski, Gregor},
  journal	= {Concurrency: Practice and Experience},
  year		= 1999,
  month		= {December},
  note		= {The initial version of this paper was available in 1996},
  number	= 15,
  pages		= {933-948},
  volume	= 11,
  doi		= {10.1002/(SICI)1096-9128(19991225)11:15<933::AID-CPE461>3.0.CO;2-J},
  issn		= {1096-9128},
  publisher	= {John Wiley and Sons, Ltd.},
  url		= {https://laszewski.github.io/papers/vonLaszewski-CooperatingJobs.pdf}
}

@InProceedings{	  las99rostock,
  title		= {{Grid Infrastructure to Support Science Portals for Large Scale Instruments}},
  author	= {von Laszewski, Gregor and Ian Foster},
  booktitle	= {{Proceedings of the Workshop Distributed Computing on the Web (DCW)}},
  year		= 1999,
  month		= {June},
  day		= {21-23~},
  note		= {{\em (Invited Talk)}},
  pages		= {1-16},
  publisher	= {University of Rostock, Germany},
  status	= {final}
}

@InProceedings{	  las99siam,
  title		= {{Real-Time Analysis, Visualization, and Steering of Microtomography Experiments at Photon Sources}},
  author	= {von Laszewski, Gregor and Mei-Hui Su and Joseph A. Insley and Ian Foster and John Bresnahan and Carl Kesselman and Marcus Thiebaux and Mark L. Rivers and Steve Wang and Brian Tieman and Ian McNulty},
  booktitle	= {Ninth SIAM Conference on Parallel Processing for Scientific Computing},
  year		= 1999,
  address	= {San Antonio, TX},
  month		= {March},
  day		= {22-24~},
  otherlabel	= {paper1/inproceedings/cmt},
  status	= {final},
  url		= {https://laszewski.github.io/papers/vonLaszewski-siamCmt99.pdf}
}

@InProceedings{	  las99spie,
  title		= {{A Quasi-Realtime X-Ray Microtomography System at the Advanced Photon Source}},
  author	= {Wang, Yuxin and De Carlo, Francesco and Foster, Ian and Insley, Joseph and Kesselman, Carl and Lane, Peter and von Laszewski, Gregor and Mancini, Derrick C. and McNulty, Ian and Su, Mei-Hui and Tieman, Brian},
  booktitle	= {Proceedings of SPIE99},
  year		= 1999,
  address	= {Orlando, FL},
  month		= {April},
  day		= {4-6},
  pages		= {318-327},
  volume	= 3772,
  doi		= {10.1117/12.363735},
  url		= {https://laszewski.github.io/papers/vonLaszewski-spie99.pdf}
}

@TechReport{	  lasmopac,
  author	= {Gregor von Laszewski},
  title		= {Draft: Parallelization of MOPAC},
  institution	= {Syracuse University},
  year		= 1995,
  url		= {https://laszewski.github.io/papers/sccs-0362.pdf}
}

@Misc{		  last10dynamic,
  title		= {{Dynamic Provisioned Experiments in FutureGrid}},
  author	= {von Laszewski, Gregor and Geoffrey C. Fox and von Laszewski, Gregor and Geoffrey C. Fox and FutureGrid Team},
  howpublished	= {2nd IEEE International Conference on Cloud Computing Technology and Science (CloudCom2010), Indianapolis, IN},
  month		= {December},
  day		= 1,
  year		= 2010,
  url		= {https://laszewski.github.io/papers/vonLaszewski-10-FG-proj-management.pdf}
}

@Misc{		  scidacposter-chem,
  title		= {{Collaboratory for Multi-scale Chemical Science}},
  author	= {Thomas C. Allison and Sandra Bittner and Brett Didier and Michael Frenklach and William H. Green, Jr. and Darrian Hale and Mihael F. Hategan-Marandiuc and Carina Lansing and Gregor von Laszewski and David Leahy and James D. Myers and Michael Minkoff and David Montoya and Luwi Oluwole and Carmen Pancerella and Reinhardt Pinzon and William Pitz and Larry Rahn and Jane Riese and Branko Ruscic and Karen Schuchardt and Albert F. Wagner and Theresa Windus and Christine Yang and Ginger Young},
  howpublished	= {DOI SciDAC PI Meeting (Poster), Charleston, SC},
  month		= {March},
  day		= {22-24},
  year		= 2004,
  owner		= {neu},
  timestamp	= {2013.12.23},
  url		= {http://www.csm.ornl.gov/workshops/DOE_SciDAC/posters.html}
}

@Misc{		  scidacposter-cogkit,
  title		= {{Commodity Grid Kits}},
  author	= {Gregor von Laszewski and Keith Jackson},
  howpublished	= {DOI SciDAC PI Meeting (Poster), Charleston, SC},
  month		= {March},
  day		= {22-24},
  year		= 2004,
  owner		= {neu},
  timestamp	= {2013.12.23},
  url		= {http://www.csm.ornl.gov/workshops/DOE_SciDAC/posters.html}
}

@Misc{		  scidacposter-portal,
  title		= {{Grid Portal Architectures for Scientific Applications}},
  author	= {Thomas, M. P. and J. Burruss, L. Cinquini and G. C. Fox and D. Gannon and L. Gilbert and G. von Laszewski and K. Jackson and D. Middleton and R. Moore and et al.},
  howpublished	= {DOI SciDAC Meeting 2005 (Poster), San Francisco},
  month		= {June},
  day		= 26,
  year		= 2005,
  owner		= {neu},
  timestamp	= {2013.12.23},
  url		= {http://www.csm.ornl.gov/workshops/SciDAC2005/}
}

@Misc{		  scposter-rain,
  title		= {{Rain: Dynamically Provisioning Clouds within FutureGrid}},
  author	= {Fox, G. C. and A. J. Younge and G. von Laszewski and A. Kulshrestha and F. Wang},
  howpublished	= {SC10 International Conference for High Performance Computing},
  month		= {November},
  year		= 2010,
  owner		= {neu},
  timestamp	= {2013.12.23},
  url		= {http://sc10.supercomputing.org/?pg=posters.html}
}

@InProceedings{	  strande2017comet,
  title		= {Comet: Tales from the Long Tail: Two Years in and 10,000 users later},
  author	= {Strande, Shawn M and Cai, Haisong and Cooper, Trevor and Flammer, Karen and Irving, Christopher and von Laszewski, Gregor and Majumdar, Amit and Mishin, Dmistry and Papadopoulos, Philip and Pfeiffer, Wayne and others},
  booktitle	= {Proceedings of the Practice and Experience in Advanced Research Computing 2017 on Sustainability, Success and Impact},
  pages		= 38,
  year		= 2017,
  organization	= {ACM}
}

@TechReport{	  von2017cloudmesh,
  title		= {Cloudmesh in support of the NIST Big Data Architecture Framework},
  author	= {von Laszewski, Gregor and Abdul-Wahid, Badi and Wang, Fugang and Lee, Hyungro and Fox, Geoffrey C and Chang, Wo},
  year		= 2017,
  institution	= {Technical report, Indiana University, Bloomingtion IN 47408, USA}
}

@InProceedings{	  von2017teaching,
  title		= {Teaching Big Data and Open Source Software on Chameleon Cloud},
  author	= {von Laszewski, Gergor and Fox, Geoffrey C.},
  booktitle	= {https://laszewski.github.io/papers/vonLaszewski-i524-chameleon.pdf},
  number	= {Chameleon Cloud User Meeting},
  year		= 2017
}

@Misc{		  von2018handbook,
  title		= {Handbook of Clouds and Big Data},
  author	= {von Laszewski, Gregor and Fox, Geoffrey C.},
  year		= 2018,
  publisher	= {https://laszewski.github.io/papers/vonLaszewski-bigdata.pdf}
}

@Article{	  wang10transactions,
  title		= {{Provide Virtual Machine Information for Grid Computing}},
  author	= {Lizhe Wang and von Laszewski, Gregor and Dan Chen and Jie Tao and Kunze, M.},
  journal	= {IEEE Transactions on Systems, Man and Cybernetics, Part A: Systems and Humans},
  year		= 2010,
  month		= {November},
  number	= 6,
  pages		= {1362-1374},
  volume	= 40,
  doi		= {10.1109/TSMCA.2010.2052598}
}

@Article{	  yang09,
  title		= {{Recent Research Advances in e-Science}},
  author	= {Yang, Xiaoyu and Wang, Lizhe and Laszewski, Gregor},
  journal	= {Cluster Computing},
  year		= 2009,
  month		= {December},
  number	= 4,
  pages		= {353--356},
  volume	= 12,
  acmid		= 1666210,
  address	= {Hingham, MA, USA},
  doi		= {10.1007/s10586-009-0104-0},
  issn		= {1386-7857},
  issue_date	= {December 2009},
  keywords	= {Cloud computing, Grid computing, e-Science},
  numpages	= 4,
  publisher	= {Kluwer Academic Publishers},
  url		= {10.1007/s10586-009-0104-0}
}
