@INPROCEEDINGS{9006337,
  author={V. {Abeykoon} and S. {Kamburugamuve} and K. {Govindrarajan} and P. {Wickramasinghe} and C. {Widanage} and N. {Perera} and A. {Uyar} and G. {Gunduz} and S. {Akkas} and G. V. {Laszewski}},
  booktitle={2019 IEEE International Conference on Big Data (Big Data)}, 
  title={Streaming Machine Learning Algorithms with Big Data Systems}, 
  year={2019},
  volume={},
  number={},
  pages={5661-5666},}
