@TechReport{las20proc-516-2019,
  author = 	 {von Laszewski, Gregor},
  title = 	 {Proceedings of Cloud Computing Engeneeing (2019)},
  institution =  {Indiana University},
  year = 	 {2019},
  type = 	 {Lecture Notes},
  address = 	 {Bloomington IN, U.S.A.},
  month = 	 dec,
  url = {https://cloudmesh-community.github.io/pub/vonLaszewski-e516-fa19-proceedings.pdf},
  epub = {https://cloudmesh-community.github.io/pub/vonLaszewski-e516-fa19-proceedings.epub},  
}
