@TechReport{las20book-chameleon,
  author = 	 {The Chameloen team and von Laszewski, Gregor},
  title = 	 {Openstack with Chameloen Cloud},
  institution =  {Indiana University},
  year = 	 {2020},
  type = 	 {Lecture Notes},
  address = 	 {Bloomington IN, U.S.A.},
  month = 	 feb,
  url = {https://cloudmesh-community.github.io/pub/vonLaszewski-chameleon.pdf}
  epub = {https://cloudmesh-community.github.io/pub/vonLaszewski-chameleon.epub}  
}
