@Misc{cloudmesh-cc,
  author = 	 {von Laszewski, Gregor and JP Fleischer},
  title = 	 {cloudmesh-cc: Cloudmesh Controlled Computing through Workflows},
  howpublished = {GitHub},
  month = 	 mar,
  year = 	 2023,
  OPTnote = 	 {},
  OPTannote = 	 {},
  url={https://github.com/cloudmesh/cloudmesh-cc}
}

@Misc{cloudmesh-cc,
  author = 	 {von Laszewski, Gregor and JP Fleischer},
  title = 	 {cloudmesh-sbatch: Parameterized Job Generator for Batch Queues},
  howpublished = {GitHub},
  month = 	 mar,
  year = 	 2023,
  OPTnote = 	 {},
  OPTannote = 	 {},
  url={https://github.com/cloudmesh/cloudmesh-sbatch}
}

@Misc{cloudmesh-common,
  author = 	 {von Laszewski, Gregor and JP Fleischer},
  title = 	 {cloudmesh-common: Common Library to simplify common python tasks},
  howpublished = {GitHub},
  month = 	 mar,
  year = 	 2023,
  OPTnote = 	 {},
  OPTannote = 	 {},
  url={https://github.com/cloudmesh/cloudmesh-common}
}


@Misc{cloudmesh-common-code,
  author = 	 {von Laszewski, Gregor and {others}},
  title = 	 {MLCommons Sience Code Development Repository},
  howpublished = {GitHub},
  month = 	 mar,
  year = 	 2023,
  OPTnote = 	 {},
  OPTannote = 	 {},
  url={https://github.com/laszewsk/mlcommons}
}

@Misc{cloudmesh-common-science,
  author = 	 {von Laszewski, Gregor and {others}},
  title = 	 {MLCommons Sience Web Development Repository},
  howpublished = {GitHub},
  month = 	 mar,
  year = 	 2023,
  OPTnote = 	 {},
  OPTannote = 	 {},
  url={https://github.com/laszewsk/science}
}

@Misc{cloudmesh-common-science-osmi,
  author = 	 {von Laszewski, Gregor and Nate Kimball and Wes Brewer},
  title = 	 {MLCommons OSMI Benchmark Development Directory},
  howpublished = {GitHub},
  month = 	 mar,
  year = 	 2023,
  OPTnote = 	 {},
  OPTannote = 	 {},
  url={https://github.com/laszewsk/osmi}
}

@Misc{cloudmesh-common-science-eq,
  author = 	 {von Laszewski, Gregor and Geoffrey C. Fox},
  title = 	 {MLCommons Earthquake Benchmark Development Directory},
  howpublished = {GitHub},
  month = 	 mar,
  year = 	 2023,
  OPTnote = 	 {},
  OPTannote = 	 {},
  url={https://github.com/laszewsk/mlcommons-data-earthquake},
}

@Misc{cloudmesh-common-website,
  author = 	 {von Laszewski, Gregor},
  title = 	 {MLCommons Science Web page on the MLCommons Web Site},
  howpublished = {GitHub},
  month = 	 mar,
  year = 	 2023,
  OPTnote = 	 {},
  OPTannote = 	 {},
  url={https://github.com/mlcommons/website}
}

@Misc{cloudmesh-common-website,
  author = 	 {von Laszewski, Gregor},
  title = 	 {MLCommons Science Production Web Page},
  howpublished = {GitHub},
  month = 	 mar,
  year = 	 2023,
  OPTnote = 	 {},
  OPTannote = 	 {},
  url={https://github.com/mlcommons/science}
}



