@techreport{las-03-cog-workflow,
 author = {von Laszewski, Gregor },
 institution = {Argonne National Laboratory},
 title = {Java CoG Kit Workflow Concepts for Scientific Experiments},
 url = {https://laszewski.github.io/papers/vonLaszewski-workflow-taylor-anl.pdf},
 year = {2003}
}

