@inproceedings{von2017teaching,
 author = {von Laszewski, Gergor and Fox, Geoffrey C.},
 booktitle = {https://github.com/cloudmesh/sp17-i524/raw/master/meeting/vonLaszewski-i524-chameleon.pdf},
 number = {Chameleon Cloud User Meeting},
 title = {Teaching Big Data and Open Source Software on Chameleon Cloud},
 year = {2017}
}

