@misc{las-05-gridworkflow,
 author = {von Laszewski, Gregor and Mike Hategan},
 comment = {TODO},
 title = {Grid Workflow -- An Integrated Approach},
 url = {http://citeseerx.ist.psu.edu/viewdoc/download?doi=10.1.1.61.502&rep=rep1&type=pdf},
 year = {2005}
}

