@techreport{las20book-bigdata,
 address = {Bloomington IN, U.S.A.},
 author = {Fox, G. C. and von Laszewski, Gregor},
 comment = {TODO},
 institution = {Indiana University},
 month = {February},
 title = {Big Data Applications and Analytics},
 type = {Lecture Notes},
 url = {https://laszewski.github.io/book/big-data/},
 year = {2020}
}

