@incollection{las-14-bigdata,
 acmid = {2609638},
 address = {Indiana University},
 author = {von Laszewski and Gregor and Geoffrey Fox and von Laszewski and Gregor and Wang and Fugang and Lee and Hyungro and Chen and Heng and Fox and Geoffrey C.},
 booktitle = {Cloud Computing for Data-Intensive Applications},
 comment = {TODO},
 doi = {10.1145/2609441.2609638},
 editor = {Xiaolin Li and Judy Qiu},
 isbn = {978-1-4503-2909-5},
 keywords = {cloud computing},
 location = {Vancouver and BC and Canada},
 numpages = {8},
 pages = {TBD},
 publisher = {Springer},
 series = {BigSystem '14},
 title = {The FutureGrid Testbed for Big Data},
 url = {http://doi.acm.org/10.1145/2609441.2609638},
 year = {2014}
}

