@inproceedings{las-2017-chameleon-teach,
 author = {Laszewski, Gregor and Fox, Geoffrey C.},
 booktitle = {Chameleon Cloud User Meeting},
 comment = {TODO},
 organization = {University of Chicago},
 title = {Automated sharded mongodb deployment and benchmarking for big data analysis},
 url = {https://github.com/cloudmesh/sp17-i524/raw/master/meeting/vonLaszewski-i524-mongodb.pdf},
 year = {2017}
}

