@inproceedings{las-2007-contamination,
 address = {Berlin, Heidelberg},
 author = {Sreepathi, Sarat and MahinthakuMarch, Kumar and Zechman, Emily and Ranjithan, Ranji and Brill, Downey and Ma, Xiaosong and von Laszewski, Gregor},
 booktitle = {Computational Science -- ICCS 2007},
 comment = {TODO},
 editor = {Shi and Yong and van Albada and Geert Dick and Dongarra and Jack and Sloot and Peter M. A.},
 pages = {1058--1065},
 publisher = {Springer Berlin Heidelberg},
 title = {Cyberinfrastructure for Contamination Source Characterization in Water Distribution Systems},
 url = {https://par.nsf.gov/biblio/10199455},
 year = {2007}
}

