@article{las10ijahuc,
 acmid = {1866088},
 author = {Wang, Lizhe and Laszewski, Gregor Von and Tao, Jie
and Kunze, Marcel},
 doi = {10.1504/IJAHUC.2010.035532},
 issn = {1743-8225},
 issue_date = {September 2010},
 journal = {International Journal of Ad Hoc and Ubiquitous
Compututing},
 keywords = {compact muon solenoid, distributed virtual machines,
grid computing, grid workflow, high energy physics
applications, virtual data systems},
 month = {September},
 number = {4},
 numpages = {11},
 pages = {194--204},
 publisher = {Inderscience Publishers, Geneva, Switzerland},
 title = {Virtual Data System on Distributed Virtual Machines
in Computational Grids},
 volume = {6},
 year = {2010}
}

