@article{las02perlcog,
 author = {Mock, Stephen and Thomas, Mary and Dahan, Maytal and
Mueller, Kurt and Mills, Catherine and von
Laszewski, Gregor},
 doi = {10.1002/cpe.695},
 issn = {1532-0634},
 journal = {Concurrency and Computation: Practice and
Experience},
 keywords = {Grid, PERL, CoG, commodity, toolkit, Globus, storage
resource broker, SRB, module, portal, middleware},
 number = {13-15},
 pages = {1085-1095},
 publisher = {John Wiley and Sons, Ltd.},
 title = {A Perl Commodity Grid Kit},
 url = {https://laszewski.github.io/papers/vonLaszewski-perl-cog.pdf},
 volume = {14},
 year = {2002}
}

