@inproceedings{las-2023-escience,
 address = {Limassol, Cyprus},
 author = {von Laszewski, Gregor and J.P. Fleischer, J.P. and Fox, Geoffrey C. and Juri Papay and Sam Jackson and Jeyan Thiyagalingam},
 booktitle = {eScience'23},
 month = {October},
 organization = {Second Workshop on Reproducible Workflows, Data, and Security (ReWorDS 2022)},
 title = {Templated Hybrid Reusable Computational Analytics Workflow Management with Cloudmesh, Applied to the Deep Learning MLCommons Cloudmask Application},
 url = {https://github.com/cyberaide/paper-cloudmesh-cc-ieee-5-pages/raw/main/vonLaszewski-cloudmesh-cc.pdf},
 year = {2023}
}

