@incollection{las04middleware,
 author = {von Laszewski, Gregor and Kaizar Amin},
 booktitle = {Grid Middleware},
 doi = {10.1002/0470862084.ch5},
 editor = {Qusay H. Mahmoud},
 isbn = {0-470-86206-3},
 pages = {109-130},
 publisher = {Wiley},
 status = {final},
 title = {Middleware for Communications},
 url = {https://github.com/laszewski/papers/blob/master/vonLaszewski-grid-middleware.pdf},
 year = {2004}
}

