@misc{nist-bigdata,
 comment = {TODO},
 howpublished = {Web Page},
 key = {NIST},
 month = {February},
 title = {NIST Big Data},
 url = {https://bigdatawg.nist.gov/home.php},
 year = {2020}
}

