@proceedings{las-07-gce,
 address = {Reno and NV},
 author = {von Laszewski and Gregor},
 comment = {TODO},
 editor = {von Laszewski and Gregor},
 month = {November},
 oldlabel = {gce07},
 organization = {in conjunction with IEEE/ACM SC07},
 publisher = {Published Mar. 2008 and Rochester Institute of Technology and Rochester NY},
 title = {Grid Computing Environments 2007 Confernce Proceeedings},
 url = {http://library.rit.edu/oajournals/index.php/gce/issue/view/9/showToc},
 year = {2007}
}

