@techreport{las-2008-cumulus,
 author = {Lizhe Wang and von Laszewski, Gregor and Marcel Kunze and Jie Tao},
 institution = {Rochester Institute of Technology},
 title = {A cumulus project: design and implementation},
 type = {Report},
 url = {http://scholarworks.rit.edu/cgi/viewcontent.cgi?article=1686&context=article},
 year = {2008}
}

