@inbook{las-2013-fg-bookchapter,
 address = {Boca Raton, FL},
 author = {Fox, Geoffrey C and von Laszewski, Gregor and Diaz, Javier and Keahey, Kate and Fortes, Jose and Figueiredo, Renato and Smallen, Shava and Smith, Warren and Grimshaw, Andrew},
 chapter = {Futuregrid: a Reconfigurable Testbed for Cloud, HPC and Grid Computing},
 edition = {1},
 editor = {Vetter, Jeffrey S.},
 isbn = {9781351104005},
 note = {republished in 2018},
 pages = {603--636},
 publisher = {Chapman and Hall/CRC},
 title = {Contemporary High Performance Computing},
 url = {https://laszewski.github.io/papers/vonLaszewski-12-fg-bookchapter.pdf},
 urlother1 = {https://www.taylorfrancis.com/chapters/edit/10.1201/9781351104005-23/futuregrid-reconfigurable-testbed-cloud-hpc-grid-computing-geoffrey-fox-gregor-von-laszewski-javier-diaz-kate-keahey-jose-fortes-renato-figueiredo-shava-smallen-warren-smith-andrew-grimshaw},
 volume = {1},
 year = {2013}
}

