@inproceedings{las-2007-swift,
 author = {Yong Zhao and Hategan and M. and Clifford and B. and Foster and I. and von Laszewski and G. and Nefedova and V. and Raicu and I. and Stef-Praun and T. and Wilde and M.},
 booktitle = {2007 IEEE Congress on Services},
 comment = {TODO},
 doi = {10.1109/SERVICES.2007.63},
 pages = {199-206},
 title = {Swift: Fast, Reliable and Loosely Coupled Parallel Computation},
 year = {2007}
}

