@incollection{las03gridcomputing,
 author = {von Laszewski, Gregor and Jarek Gawor and Sriram Krishnan and Keith Jackson},
 booktitle = {Grid Computing: Making the Global Infrastructure a Reality},
 editor = {Fran Berman and Geoffrey Fox and Toney Hey},
 isbn = {0-470-85319-0},
 pages = {639-656},
 publisher = {Wiley},
 series = {Communications Networking and Distributed Systems},
 status = {final},
 title = {Commodity Grid Kits - Middleware for Building Grid Computing Environments},
 url = {https://laszewski.github.io/papers/vonLaszewski-grid2002book.pdf},
 year = {2003}
}

