@inproceedings{las-2021-impact,
 address = {New York, NY, USA},
 articleno = {50},
 author = {von Laszewski, Gregor and Wang, Fugang and Fox, Geoffrey C.},
 booktitle = {Practice and Experience in Advanced Research Computing (PEARC'21)},
 doi = {10.1145/3437359.3465601},
 isbn = {9781450382922},
 location = {Boston, MA, USA},
 month = {July},
 numpages = {4},
 publisher = {Association for Computing Machinery},
 series = {PEARC '21},
 title = {Comprehensive Evaluation of XSEDE's Scientific Impact Using Semantic Scholar Data},
 url = {https://laszewski.github.io/papers/vonLaszewski-pearc21.pdf},
 year = {2021}
}

