@inproceedings{las-2023-poster-cylon-ornl,
 address = {Oak Ridge National Laboratory, Knoxville, TN},
 author = {Arup Sakar and Niranda Perera and von Laszewski, Gregor and Mills Staylor and Fox, Geoffrey C},
 booktitle = {2023 OLCF User Meeting},
 howpublished = {},
 month = {October},
 note = {Poster},
 optannote = {},
 optcrossref = {},
 opteditor = {},
 optkey = {},
 optnumber = {},
 optorganization = {},
 optpages = {},
 optpublisher = {},
 optseries = {},
 optvolume = {},
 title = {AI for Science and Engineering},
 url = {https://github.com/cyberaide/poster-summit-cylon/blob/main/vonLaszewski-heterogeneous-data-pipeline-2.pdf},
 year = {2023}
}

