@misc{las-2023-c4cg,
 author = {von Laszewski, Gregor},
 howpublished = {Presentation for the C4CG Symposium, University of Virginia},
 month = {June},
 title = {Reusable Hybrid and Multi-Cloud Analytics Service Framework},
 url = {https://github.com/cyberaide/presentation-c4gc/raw/main/reu-2023-uva.pptx.pdf},
 year = {2023}
}

