@article{las04atct-j,
 author = {Branko Ruscic and Reinhardt E. Pinzon and Melita
L. Morton and Gregor von Laszevski and Sandra
J. Bittner and Sandeep G. Nijsure and Kaizar A. Amin
and Michael Minkoff and Albert F. Wagner},
 doi = {10.1021/jp047912y},
 journal = {J. Phys. Chem. A},
 number = {45},
 pages = {9979-9997},
 title = {Introduction to Active Thermochemical Tables:
Several Key Enthalpies of Formation Revisited},
 volume = {108},
 year = {2004}
}

