@misc{las-2020-nsf-1-impact-ppt,
 author = {von Laszewski, Gregor and Fugang Wang},
 howpublished = {Presentation, XMS Advisory Committee Meeting},
 month = {July},
 note = {not in cv},
 title = {Scientific Impact Evaluation for XMS},
 url = {https://github.com/scienceimpact/report/blob/main/ presentation/XMS Sciimp AC2020.pptx},
 year = {2020}
}

