@article{las05gridhistory,
 author = {von Laszewski, Gregor},
 doi = {10.1524/itit.2005.47.6.319},
 journal = {Journal of Information Technology},
 month = {June},
 number = {6},
 pages = {319-329},
 status = {final},
 title = {The Grid-Idea and Its Evolution},
 url = {https://laszewski.github.io/papers/vonLaszewski-grid-idea.pdf},
 volume = {47},
 year = {2005}
}

