@techreport{las15cluster-long,
 author = {von Laszewski, Gregor and Fugang Wang and Geoffrey C. Fox and David L. Hart and Thomas R. Furlani and Robert L. DeLeon and Steven M. Gallo},
 institution = {Indiana University},
 title = {Peer comparison of XSEDE and NCAR publication data},
 url = {https://laszewski.github.io/papers//vonLaszewski-tas-cluster.pdf},
 year = {2015}
}

