@misc{futuresystems,
 author = {Digital Science Lab},
 title = {FutureSystems at Indiana University},
 url = {https://portal.futuresystems.org/},
 year = {2015}
}

