@techreport{las20book-222,
  author = 	 {G. C. Fox and von Laszewski, Gregor},
  title = 	 {Intelligent Systems Engineering},
  institution =  {Indiana University},
  year = 	 {2020},
  type = 	 {Lecture Notes},
  address = 	 {Bloomington IN, U.S.A.},
  month = 	 feb,
  url = {https://cloudmesh-community.github.io/pub/vonLaszewski-222.pdf}
  epub = {https://cloudmesh-community.github.io/pub/vonLaszewski-222.epub}  
}