@incollection{las10sla,
 author = {von Laszewski, Gregor and Lizhe Wang},
 booktitle = {Grids and Service-Oriented Architectures for Service Level Agreements},
 editor = {Wieder, Philipp and Yahyapour, Ramin and Ziegler, Wolfgang},
 isbn = {978-1-4419-7320-7},
 pages = {77-88},
 title = {GreenIT Service Level Agreements},
 url = {https://github.com/laszewski/papers/blob/master/vonLaszewski-greenit-sla.pdf},
 year = {2010}
}

