@article{las-2010-multicore,
 author = {Lizhe Wang and Jie Tao and von Laszewski, Gregor and Holger Marten},
 doi = {10.4304/jcp.5.6.958-964},
 journal = {JCP},
 number = {6},
 pages = {958-964},
 title = {Multicores in Cloud Computing: Research Challenges for Applications},
 url = {https://laszewski.github.io/papers/vonLaszewski-09-jcp2.pdf},
 volume = {5},
 year = {2010}
}

