@inproceedings{las06water,
 acmid = {2107159},
 address = {Berlin, Heidelberg},
 author = {MahinthakuMarch, Kumar and von Laszewski, Gregor and Ranjithan, Ranji and Brill, Downey and Uber, Jim and Harrison, Ken and Sreepathi, Sarat and Zechman, Emily},
 booktitle = {Proceedings of the International Conference on Computational Science, ICCS 2006},
 doi = {10.1007/11758532_54},
 isbn = {3-540-34383-0, 978-3-540-34383-7},
 location = {Reading, UK},
 numpages = {8},
 pages = {401-408},
 publisher = {Springer-Verlag},
 series = {ICCS'06},
 title = {An Adaptive Cyberinfrastructure for Threat Management in Urban Water Distribution Systems},
 url = {https://laszewski.github.io/papers/vonLaszewski-water-iccs.pdf},
 vol = {3},
 volume = {3993},
 year = {2006}
}

