@techreport{leetowards,
 author = {Lee and Hyungro and von Laszewski and Gregor and Wang and Fugang and Fox and Geoffrey C},
 comment = {TODO},
 institution = {Technical report and Technical Report March 25 2014 and Community Grids Lab},
 title = {Towards understanding cloud usage through resource allocation analysis on xsede},
 url = {http://dsc.soic.indiana.edu/publications/xsede14_submission_166.pdf}
}

