@misc{von2018handbook,
 author = {von Laszewski, Gregor and Fox, Geoffrey C.},
 publisher = {https://laszewski.github.io/papers/vonLaszewski-bigdata.pdf},
 title = {Handbook of Clouds and Big Data},
 year = {2018}
}

