@misc{von2018handbook,
 author = {von Laszewski, Gregor and Fox, Geoffrey C. and Qiu, Judy},
 publisher = {http://cyberaide.org/papers/vonLaszewski-bigdata. pdf},
 title = {Handbook of Clouds and Big Data},
 year = {2018}
}

