@article{las12xdmod-kernel,
 author = {Thomas R Furlani and Barry I Schneider and Matthew D Jones and John, Towns and David L Hart and Abani K Patra and Robert L Deleon and Steven M Gallo and Charng-Da Lu and Amin Ghadersohi and Ryan J Gentner and Andrew E Bruno and John R Boisseau and Fugang Wang and Gregor Von Laszewski},
 doi = {10.1002/cpe.2871},
 institution = {University of Buffalo},
 journal = {Concurrency and Computation: Practice and Experience},
 month = {July},
 number = {7},
 pages = {918-931},
 title = {Performance Metrics and Auditing Framework using Application Kernels for High-performance Computer Systems},
 url = {https://laszewski.github.io/papers/vonLaszewski-draft-data-analytics-planing.pdf},
 volume = {25},
 year = {2012}
}

