@techreport{las-11-towards-deployment,
 author = {Diaz and Javier and von Laszewski and Gregor and Wang and Fugang and Fox and Geoffrey C},
 comment = {TODO},
 journal = {Indiana University and Bloomington and IN},
 title = {Towards cloud deployments using futuregrid},
 url = {http://grids.ucs.indiana.edu/ptliupages/publications/FGCloudDeployments.pdf},
 volume = {47408},
 year = {2011}
}

