@misc{las-2023-hybridmulticloud,
 archiveprefix = {arXiv},
 author = {Gregor von Laszewski and Wo Chang and Russell Reinsch and Olivera Kotevska and Ali Karimi and Abdul Rahman Sattar and Garry Mazzaferro and Geoffrey C. Fox},
 eprint = {2310.17013},
 primaryclass = {cs.DC},
 title = {Whitepaper on Reusable Hybrid and Multi-Cloud Analytics Service Framework},
 url = {https://arxiv.org/abs/2310.17013},
 year = {2023}
}

