@article{las04-ftp-journal,
 acmid = {1093539},
 address = {Atlanta, GA, USA},
 author = {von Laszewski, Gregor and Jarek Gawor and Pawel
Plaszczak and Mike Hategan and Kaizar Amin and Ravi
Madduri and Scott Gose},
 issn = {1061-5369},
 journal = {Journal of Neural Parallel and Scientific Computing},
 month = {September},
 note = {Special Issue on Grid Computing},
 number = {3},
 numpages = {24},
 pages = {329-352},
 publisher = {Dynamic Publishers, Inc.},
 title = {An Overview of Grid File Transfer Patterns and
their Implementation in the Java CoG Kit},
 url = {https://laszewski.github.io/papers/vonLaszewski-overview-gridftp.pdf},
 volume = {12},
 year = {2004}
}

