@misc{las-92-applications-benchmark,
 author = {Gaber Mohamed and Geoffrey C. Fox and Gregor Von Laszewski and Manish Parashar and Tomasz Haupt and Kim Mills and Ying-hua Lu and Neng-tan Lin and Nang-kang Yeh},
 comment = {TODO},
 title = {Applications Benchmark Set for Fortran-D and High Performance Fortran},
 url = {http://citeseerx.ist.psu.edu/viewdoc/download;jsessionid=A4CEFFA65718CE42B44FDFBB1F619EA4?doi=10.1.1.53.9593&rep=rep1&type=pdf},
 year = {1992}
}

