@article{las-2014-xdmod,
 author = {James C. Browne and Robert L. DeLeon and Abani K. Patra and William L. Barth and John Hammond and Matthew D. Jones and Thomas R. Furlani and Barry L. Schneider and Steven M. Gallo and Amin Ghadersohi and Ryan J. Gentner and Jeffrey T. Palmer and Nikolay Simakov and Martins Innus and Andrew E. Bruno and Joseph P. White and Cynthia D. Cornelius and Thomas Yearke and Kyle Marcus and Laszewski, Gregor and Fugang Wang},
 bibsource = {dblp computer science bibliography, https://dblp.org},
 biburl = {https://dblp.org/rec/journals/concurrency/BrowneDPBHJFSGGGPSIBWCYMLW14.bib},
 commet = {TODO},
 doi = {10.1002/cpe.3245},
 journal = {Concurr. Comput. Pract. Exp.},
 number = {13},
 pages = {2191--2209},
 timestamp = {Mon, 02 Mar 2020 17:20:36 +0100},
 title = {Comprehensive, open-source resource usage measurement and analysis for HPC systems},
 url = {https://doi.org/10.1002/cpe.3245},
 volume = {26},
 year = {2014}
}

