@article{las-2023-mlcommons-edu-eq,
 author = {von Laszewski, Gregor and Fleischer, J. P. and Knuuti, R. and Fox, G. C. and Kolessar, J. and Butler, T. S. and Fox, J.},
 journal = {Frontiers in High Performance Computing,},
 month = {October},
 number = {1233877},
 pages = {31},
 title = {Opportunities for enhancing MLCommons efforts while leveraging insights from educational MLCommons earthquake benchmarks efforts},
 url = {https://doi.org/10.3389/fhpcp.2023.1233877},
 volume = {1},
 year = {2023}
}

