@inproceedings{las-06-cobalt,
 author = {von Laszewski, Gregor and Christopher Grubb and Matthew Bone and David Angulo},
 booktitle = {International Workshop on Grid Computing Environments 2006 in Conjunction with SC06},
 comment = {add to ax},
 title = {Workflow Management Through Cobalt},
 url = {https://laszewski.github.io/papers/las-06-cobalt},
 urlother = {https://digitalarchive.rit.edu/xmlui/bitstream/handle/1850/7346/GvonLaszewskiConfProc11-13-2006.pdf},
 year = {2006}
}

