@article{las05reputation-j,
 author = {von Laszewski, Gregor and Beulah Alunkal and Ivana
Veljkovic},
 journal = {Scalable Computing: Practice and Experience},
 month = {September},
 note = {submitted in 2003},
 number = {3},
 oldlabels = {las03reputation-journal},
 pages = {95-106},
 title = {Toward Reputable Grids},
 url = {https://laszewski.github.io/papers/vonLaszewski-pdcp-reputation.pdf},
 volume = {6},
 year = {2005}
}

