@incollection{las06-workflow-book,
 address = {Secaucus, NJ, USA},
 author = {von Laszewski, Gregor and Mihael Hategan and Depti Kodeboyina},
 booktitle = {Workflows for E-science: Scientific Workflows for Grids},
 editor = {Ian J. Taylor and Ewa Deelman and Dennis B. Gannon and Matthew Shields},
 isbn = {1846285194},
 publisher = {Springer-Verlag New York, Inc.},
 title = {Grid Workflow with the Java CoG Kit},
 url = {https://github.com/laszewski/papers/blob/master/vonLaszewski-workflow-book.pdf},
 year = {2007}
}

