@inproceedings{las02infogram,
 acmid = {823347},
 address = {Edinbrough, U.K.},
 author = {von Laszewski, Gregor and Jarek Gawor and Carlos J. Pe√±a and Ian Foster},
 booktitle = {Proceedings of the 11th Symposium on High Performance Distributed Computing},
 day = {24-26~},
 isbn = {0-7695-1686-6},
 month = {July},
 note = {http://dl.acm.org/citation.cfm?id=822086.823347},
 pages = {333-342},
 publisher = {IEEE Computer Society, Washington, DC, USA},
 series = {HPDC '02},
 title = {InfoGram: A Peer-to-Peer Information and Job Submission Service},
 url = {https://laszewski.github.io/papers/vonLaszewski-infogram.pdf},
 year = {2002}
}

