@inproceedings{las-02-activetable,
 acmid = {652663},
 address = {Baltimore and MD},
 author = {Laszewski and Gregor von and Ruscic and Branko and Wagstrom and Patrick and Krishnan and Sriram and Amin and Kaizar and Nijsure and Sandeep and Bittner and Sandra and Pinzon and Reinhardt and Hewson and John C. and Morton and Melita L. and Minkoff and Mike and Wagner and Al},
 booktitle = {Third International Workshop on Grid Computing (GRID '02)},
 day = {18},
 isbn = {3-540-00133-6},
 month = {November},
 note = {http://dl.acm.org/citation.cfm?id=645442.652663},
 pages = {25-38},
 publisher = {Springer-Verlag and London and UK and UK},
 series = {Lecture Notes in Computer Science},
 title = {A Grid Service-Based Active Thermochemical Table Framework},
 url = {https://laszewski.github.io/papers/vonLaszewski-cmcs.pdf},
 volume = {2536},
 year = {2002}
}

