@inproceedings{las05ca,
 address = {Denver, CO},
 author = {von Laszewski, Gregor and Mikhail Sosonkin},
 booktitle = {7th International Workshop on Java for Parallel and
Distributed Computing, published in the Proceedings
of the 19th International Parallel and Distributed
Processing Symposium},
 day = {4-8~},
 doi = {10.1109/IPDPS.2005.29},
 month = {April},
 oldlabels = {vonLaszewski-ca05},
 publisher = {IEEE},
 status = {final},
 title = {A Grid Certificate Authority for Community and
Ad-hoc Grids},
 url = {https://laszewski.github.io/papers/vonLaszewski-ca-workshop.pdf},
 year = {2005}
}

