@inproceedings{las10vmschedule,
 address = {Perth, Australia},
 author = {Lizhe Wang and von Laszewski, Gregor and Jie Tao and Marcel Kunze},
 booktitle = {Proceedings of the 24th IEEE International Conference on Advanced Information Networking and Applications (AINA'10)},
 day = {20-23},
 doi = {10.1109/AINA.2010.47},
 issn = {1550-445X},
 month = {April},
 pages = {230--236},
 title = {Schedule Distributed Virtual Machines in a Service Oriented Environment},
 url = {https://github.com/laszewski/papers/blob/master/vonLaszewski-09-aina.pdf},
 year = {2010}
}

