@article{las-1993-lu-journal,
 author = {Mohamed and A Gaber and Fox, Geoffrey C and von Laszewski, Gregor},
 journal = {Computer-Aided Civil and Infrastructure Engineering},
 number = {1},
 pages = {45--56},
 publisher = {Wiley Online Library},
 title = {Blocked LU factorization on a multiprocessor computer},
 url = {https://laszewski.github.io/papers/sccs-0094b.pdf},
 volume = {8},
 year = {1993}
}

