@misc{las-05-scidac-poster-portal,
 author = {Thomas, M. P. and J. Burruss, L. Cinquini and Fox, G. C. and D. Gannon and L. Gilbert and von Laszewski, Gregor and K. Jackson and D. Middleton and R. Moore and et al.},
 comment = {TODO},
 day = {26},
 howpublished = {DOI SciDAC Meeting 2005 (Poster) and San Francisco},
 month = {June},
 owner = {neu},
 timestamp = {2013.12.23},
 title = {Grid Portal Architectures for Scientific Applications},
 url = {http://www.csm.ornl.gov/workshops/SciDAC2005/},
 urlother = {http://dsc.soic.indiana.edu/publications/jpconf5_16_083.pdf},
 year = {2005}
}

