@article{las-14-xdmod,
 author = {Browne and James C and DeLeon and Robert L and Patra and Abani K and Barth and William L and Hammond and John and Jones and Matthew D and Furlani and Thomas R and Schneider and Barry I and Gallo and Steven M and Ghadersohi and Amin and others},
 comment = {TODO},
 journal = {Concurrency and Computation: Practice and Experience},
 number = {13},
 pages = {2191--2209},
 publisher = {Wiley Online Library},
 title = {Comprehensive and open-source resource usage measurement and analysis for HPC systems},
 volume = {26},
 year = {2014}
}

