@inproceedings{las-2000-ggf-schema,
 author = {von Laszewski, Gregor and Lane Peter and Fitzgerald, Steve and Didier, Brett and Schuchardt, Karen},
 booktitle = {Proposal for the Grid forum Draft and Grid Forum},
 comment = {TODO},
 title = {Defining schemas for the grid information services},
 url = {https://laszewski.github.io/papers/las-2000-ggf-schema.pdf},
 year = {2000}
}

