@article{las05portalarch,
 author = {M. Thomas and J. Burruss and L. Cinquini and G. Fox and D. Gannon and L. Glilbert and von Laszewski, Gregor and K. Jackson and D. Middleton and R. Moore and M. Pierce and B. Plale and A. Rajasekar and R. Regno and E. Roberts and D. Schissel and A. Seth and W. Schroeder},
 doi = {10.1088/1742-6596/16/1/083},
 journal = {Journal of Physics},
 pages = {596-600},
 title = {Grid Portal Architectures for scientific applications},
 url = {http://iopscience.iop.org/1742-6596/16/1/083/pdf/jpconf5_16_083.pdf},
 volume = {16},
 year = {2005}
}

