@article{las-2013-ondemand,
 author = {Lizhe Wang and Tobias Kurze and Jie Tao and Marcel Kunze and von Laszewski, Gregor},
 comment = {TODO},
 doi = {10.1007/s11227-011-0666-5},
 journal = {The Journal of Supercomputing},
 number = {3},
 pages = {1178-1193},
 title = {On-demand Service Hosting on Production Grid Infrastructures},
 volume = {66},
 year = {2013}
}

