@misc{las-impact-report,
 author = {von Laszewski, Gregor and Fugang Wang},
 howpublished = {GitHub},
 month = {November},
 title = {Scientific Impact Report Repository},
 url = {https://github.com/scienceimpact/report/blob/main/README.md},
 year = {2021}
}

