@inproceedings{fg-1295,
 address = {Athens, Greece},
 author = {Javier Diaz and Gregor von Laszewski and Fugang Wang and Younge, Andrew J and Geoffrey C. Fox},
 booktitle = {Third IEEE International Conference on Coud Computing Technology and Science (CloudCom2011)},
 doi = {10.1109/CloudCom.2011.85},
 keywords = {image repository},
 month = {December},
 pages = {560-564},
 title = {FutureGrid Image Repository: A Generic Catalog and Storage System for Heterogeneous Virtual Machine Images},
 type = {paper},
 url = {https://github.com/laszewski/papers/blob/master/vonLaszewski-draft-11-imagerepo.pdf},
 year = {2011}
}

