@techreport{fg-1471,
 address = {Argonne},
 author = {Frederic Desprez and Fox, Geoffrey and Emmanuel Jeannot and Kate Keahey and Michael Kozuch and David Margery and Pierre Neyron and Lucas Nussbaum and Christian Perez and Olivier Richard and Warren Smith and Gregor von Laszewski and Jens Voeckler},
 institution = {Argonne National Laboratory},
 issn = {Technical Memo 326},
 month = {March},
 title = {Supporting Experimental Computer Science},
 type = {Report},
 url = {http://www.nimbusproject.org/downloads/Supporting_Experimental_Computer_Science_final_draft.pdf},
 year = {2012}
}

