@techreport{las08cumulus,
 author = {Lizhe Wang and Gregor von Laszewski and Marcel Kunze
and Jie Tao},
 institution = {Rochester Institute of Technology},
 title = {A cumulus project: design and implementation},
 type = {Report},
 url = {http://scholarworks.rit.edu/cgi/viewcontent.cgi?article=1686&context=article},
 year = {2008}
}

