@inproceedings{las99spie,
 address = {Orlando, FL},
 author = {Wang, Yuxin and De Carlo, Francesco and Foster, Ian and Insley, Joseph and Kesselman, Carl and Lane, Peter and von Laszewski, Gregor and Mancini, Derrick C. and McNulty, Ian and Su, Mei-Hui and Tieman, Brian},
 booktitle = {Proceedings of SPIE99},
 day = {4-6},
 doi = {10.1117/12.363735},
 month = {April},
 pages = {318-327},
 title = {A Quasi-Realtime X-Ray Microtomography System at the Advanced Photon Source},
 url = {https://laszewski.github.io/papers/vonLaszewski-spie99.pdf},
 volume = {3772},
 year = {1999}
}

