@inproceedings{las-1999-siam,
 address = {San Antonio, TX},
 author = {von Laszewski, Gregor and Mei-Hui Su and Insley, Joseph A. and Ian Foster and John Bresnahan and Carl Kesselman and Marcus Thiebaux and Rivers, Mark L. and Steve Wang and Brian Tieman and Ian McNulty},
 booktitle = {Ninth SIAM Conference on Parallel Processing for Scientific Computing},
 day = {22-24~},
 month = {March},
 otherlabel = {paper1/inproceedings/cmt},
 status = {final},
 title = {Real-Time Analysis, Visualization, and Steering of Microtomography Experiments at Photon Sources},
 url = {https://laszewski.github.io/papers/vonLaszewski-siamCmt99.pdf},
 year = {1999}
}

