@inproceedings{las09ispan,
 acmid = {1728982},
 address = {Kao-Hsiung, Taiwan},
 author = {Wang, Lizhe and von Laszewski, Gregor and Dayal, Jai
and He, Xi and Younge, Andrew J. and Furlani, Thomas
R.},
 booktitle = {Proceedings of the 10th International Symposium on
Pervasive Systems, Algorithms, and Networks
(ISPAN2009)},
 day = {14-16},
 doi = {10.1109/I-SPAN.2009.22},
 isbn = {978-0-7695-3908-9},
 month = {December},
 numpages = {7},
 pages = {116-122},
 publisher = {IEEE Computer Society, Washington, DC, USA},
 series = {ISPAN '09},
 title = {Towards Thermal Aware Workload Scheduling in a Data
Center},
 year = {2009}
}

