@inproceedings{las10energycloud,
 acmid = {1909753},
 address = {Chicago, IL},
 author = {Younge, Andrew J. and von Laszewski, Gregor and Wang, Lizhe and Lopez-Alarcon, Sonia and Carithers, Warren},
 booktitle = {Proceedings of the International Conference on Green Computing},
 doi = {10.1109/GREENCOMP.2010.5598294},
 isbn = {978-1-4244-7612-1},
 numpages = {8},
 pages = {357-364},
 publisher = {IEEE Computer Society, Washington, DC, USA},
 series = {GREENCOMP '10},
 title = {Efficient resource management for Cloud computing environments},
 url = {https://github.com/laszewski/papers/blob/master/10-ajy-igcc.pdf},
 year = {2010}
}

