@techreport{saggugenomic,
 author = {Saggu and Lorander and Ekanayake and Saliya and Ruan and Yang and Von Laszewski and Gregor and Fox and Geoffrey},
 comment = {TODO},
 publisher = {Citeseer},
 title = {Genomic Sequence Analysis Automation},
 url = {https://citeseerx.ist.psu.edu/viewdoc/download?doi=10.1.1.646.3765&rep=rep1&type=pdf}
}

