@misc{las-2018-nsf-impact-ppt,
 author = {von Laszewski, Gregor and Fugang Wang},
 howpublished = {Presentation, XMS NSF Site Visit Meeting},
 month = {June},
 note = {not in cv},
 title = {Scientific Impact Evaluation for XMS},
 url = {https://github.com/scienceimpact/report/blob/main/ presentation/XMS NSF June2018 FinalDraft.pptx},
 year = {2018}
}

