@article{las04-abstraction-j,
 acmid = {1140809},
 address = {New York, NY, USA},
 author = {Kaizar Amin and von Laszewski, Gregor and Rashid Al Ali and Omer Rana and David Walker},
 doi = {10.1016/j.sysarc.2004.10.007},
 issn = {1383-7621},
 journal = {Euromicro Journal of Systems Architecture},
 number = {2},
 numpages = {15},
 oldlabels = {las04-abstraction-journal},
 pages = {73-87},
 publisher = {Elsevier North-Holland, Inc.},
 title = {An Abstraction Model for a Grid Execution Framework},
 url = {https://laszewski.github.io/papers/vonLaszewski-abstraction-jsa.pdf},
 volume = {52},
 year = {2006}
}

