@inproceedings{las14Impact,
 acmid = {2616507},
 address = {New York, NY, USA},
 articleno = {25},
 author = {Wang, Fugang and von Laszewski, Gregor and Fox,
Geoffrey C. and Furlani, Thomas R. and DeLeon,
Robert L. and Gallo, Steven M.},
 booktitle = {Proceedings of the 2014 Annual Conference on Extreme
Science and Engineering Discovery Environment},
 doi = {10.1145/2616498.2616507},
 file = {vonLaszewski-tas.pdf:https\://github.com/cyberaide/paper-tas/raw/master/vonLaszewski-tas.pdf:PDF},
 isbn = {978-1-4503-2893-7},
 keywords = {Scientific impact, Technology Audit Service, XDMoD,
XSEDE, bibliometric, h-index},
 location = {Atlanta, GA, USA},
 numpages = {8},
 pages = {25:1--25:8},
 publisher = {ACM},
 series = {XSEDE '14},
 title = {Towards a Scientific Impact Measuring Framework for
Large Computing Facilities - a Case Study on XSEDE},
 url = {http://doi.acm.org/10.1145/2616498.2616507},
 year = {2014}
}

