@inproceedings{las08federated-cloud,
 acmid = {2378982},
 address = {New York, NY, USA},
 author = {von Laszewski, Gregor and Lee, Hyungro and Diaz,
Javier and Wang, Fugang and Tanaka, Koji and
Karavinkoppa, Shubhada and Fox, Geoffrey C. and
Furlani, Tom},
 booktitle = {Proceedings of the 2012 Workshop on Cloud Services,
Federation, and the 8th Open Cirrus Summit},
 doi = {10.1145/2378975.2378982},
 isbn = {978-1-4503-1754-2},
 keywords = {cloud metric, cloud seeding, cloud shifting, dynamic
provisioning, federated clouds, futuregrid, rain},
 location = {San Jose, California, USA},
 numpages = {8},
 pages = {25--32},
 publisher = {ACM},
 series = {FederatedClouds '12},
 title = {Design of an Accounting and Metric-based
Cloud-shifting and Cloud-seeding Framework for
Federated Clouds and Bare-metal Environments},
 year = {2012}
}

