@techreport{las-2022-reu,
 address = {Charlottesvill, VA},
 author = {von Laszewski, Gregor and Geoffrey C. Fox},
 institution = {University of Virginia},
 month = {October},
 title = {Proceedings of the CyberTraining REU2022 CyberTraining for Students and Technologies from Generation Z},
 url = {https://github.com/cloudmesh-community/pub/raw/master/docs/vonLaszewski-reu2022.pdf},
 year = {2022}
}

