@misc{las-21-hptmt,
 archiveprefix = {arXiv},
 author = {Supun Kamburugamuve and Chathura Widanage and Niranda Perera and Vibhatha Abeykoon and Ahmet Uyar and Thejaka Amila Kanewala and von Laszewski, Gregor and Geoffrey Fox},
 eprint = {2107.12807},
 primaryclass = {cs.DC},
 title = {HPTMT: Operator-Based Architecture for Scalable High-Performance Data-Intensive Frameworks},
 url = {https://arxiv.org/pdf/2107.12807.pdf},
 year = {2021}
}

