@misc{las-2018-pearc-impact-ppt,
 author = {von Laszewski, Gregor and Fugang Wang and Timothy Whitson and Geoffrey Fox and Thomas Furlani and Robert Deleon and Steven Gallo},
 howpublished = {Presentation, Indiana University},
 month = {July},
 note = {not in cv},
 title = {Scientific Impact Evaluation for XMS, Paper Presentation, PEARC'18},
 url = {https://github.com/scienceimpact/report/blob/main/presentation/XMS Sciimp PEARC18.pptx},
 year = {2018}
}

