@inproceedings{las-02-gcc,
 address = {Hainan and Chian},
 author = {X. He, X.-H. Sun and von Laszewski, Gregor},
 booktitle = {Proceedings of the International Workshop on Grid and Cooperative Computing (GCC02)},
 comment = {TODO find GCC02_XHe.pdf},
 month = {December},
 title = {A QoS Guided Scheduling Algorithm for the Computational Grid},
 url = {https://laszewski.github.io/papers/GCC02_XHe.pdf},
 year = {2002}
}

