@article{las-2007-knowlege-portal,
 author = {Karen Schuchardt and Carmen Pancerella and Rahn, Larry A. and Brett Didier and Deepti Kodeboyina and David Leahy and Myers, James D. and Oluwole, Oluwayemisi O. and William Pitz and Branko Ruscic and Jing Song and von Laszewski, Gregor and Christine Yang},
 comment = {TODO},
 doi = {10.1002/cpe.1201},
 journal = {Concurrency and Computation: Practice and Experience},
 number = {12},
 pages = {1703--1716},
 publisher = {Wiley},
 title = {Portal-based Knowledge Environment for Collaborative Science},
 url = {https://doi.org/10.1002/cpe.1201},
 volume = {19},
 year = {2007}
}

