@inproceedings{las-02-ogsa,
 author = {K Amin and G. von Laszewski and S. Nijsure},
 comment = {TODO},
 doi = {10.14236/ewic/ew2002.14},
 month = {December},
 publisher = {BCS Learning & Development},
 title = {Open Collaborative Grid Service Architecture (OCGSA)},
 url = {https://citeseerx.ist.psu.edu/viewdoc/download?doi=10.1.1.79.7022&rep=rep1&type=pdf},
 year = {2002}
}

