@inproceedings{las-07-javascript,
 address = {Reno and NV},
 author = {von Laszewski and Gregor and Fugang Wang and Andrew Younge and Zhenhua Guo and Marlon Pierce},
 booktitle = {Proceedings of the Grid Computing Environments 2007 at SC07},
 month = {November},
 timestamp = {2008.12.04},
 title = {JavaScript Grid Abstractions},
 url = {https://laszewski.github.io/papers/vonLaszewski-07-javascript.pdf},
 year = {2007}
}

