@techreport{las-2006-massspec-compare,
 author = {Puryear, Eric and Angulo, David and Schilling, Alex and Drew, Kevin and von Laszewski, Gregor},
 comment = {no PDF},
 institution = {DePaul University CTI Tech Report},
 pages = {1--7},
 title = {Comparing mass spectra},
 year = {2006}
}

