@incollection{las04gestalt,
 author = {von Laszewski, Gregor and Patrick Wagstrom},
 booktitle = {Tools and Environments for Parallel and Distributed Computing},
 editor = {Salim Hariri and Manish Parashar},
 isbn = {978-0-471-47484-5},
 pages = {149-187},
 publisher = {Wiley},
 series = {Parallel and Distributed Computing},
 status = {final},
 title = {Gestalt of the Grid},
 url = {https://github.com/laszewski/papers/blob/master/vonLaszewski-gestalt.pdf},
 year = {2004}
}

