@book{las-95-issues-parallel,
 author = {von Laszewski, Gregor },
 institution = {Syracuse University},
 title = {Issues in Parallel Computing},
 url = {https://laszewski.github.io/papers/sccs-0577.pdf},
 year = {1995}
}

