@misc{class-222,
  title={Introduction into Intelligent Systems Engineering},
  author={Geoffrey Fox and von Laszewski, Grgeor and Tyler Balson},
  year={2020},
}