@techreport{las-2020-book-cloudeng,
 address = {Bloomington IN, U.S.A.},
 author = {von Laszewski, Gregor},
 comment = {TODO},
 institution = {Indiana University},
 month = {February},
 title = {Cloud Computing},
 type = {Online Book},
 url = {https://cloudmesh-community.github.io/pub/vonLaszewski-cloud.pdf},
 year = {2020}
}

