@inproceedings{las-04-abstracting,
 address = {La Coru√±a and Spain},
 author = {Kaizar Amin and Mihael Hategan and von Laszewski, Gregor and Zaluzec, Nestor J.},
 booktitle = {Proceedings of the 12th Euromicro Conference on Parallel and Distributed and Network-Based Processing (PDP 2004)},
 day = {11-13~},
 doi = {10.1109/EMPDP.2004.1271452},
 month = {February},
 pages = {250-257},
 title = {Abstracting the Grid},
 url = {https://laszewski.github.io/papers/vonLaszewski-abstracting.pdf},
 year = {2004}
}

