@article{las-2004-atct-j,
 author = {Branko Ruscic and Pinzon, Reinhardt E. and Morton, Melita L. and von Laszewski, Gregor and Bittner, Sandra J. and Nijsure, Sandeep G. and Amin, Kaizar A. and Michael Minkoff and Wagner, Albert F.},
 comment = {TODO},
 doi = {10.1021/jp047912y},
 journal = {J. Phys. Chem. A},
 number = {45},
 pages = {9979-9997},
 title = {Introduction to Active Thermochemical Tables: Several Key Enthalpies of Formation Revisited},
 volume = {108},
 year = {2004}
}

