@inproceedings{gerndt_et_al:dsp:2009:2027,
 address = {Dagstuhl, Germany},
 annote = {Keywords: Service Level Agreement, Grid Computing, SLA Negotiation, SLA Policies, SLA Implementations},
 author = {Hans Michael Gerndt and Rana, Omer F. and von Laszewski, Gregor and Wolfgang Ziegler},
 booktitle = {Service Level Agreements in Grids},
 comment = {TODO},
 editor = {Hans Michael Gerndt and Omer F. Rana and Gregor von Laszewski and Wolfgang Ziegler},
 issn = {1862-4405},
 number = {09131},
 publisher = {Schloss Dagstuhl - Leibniz-Zentrum fuer Informatik, Germany},
 series = {Dagstuhl Seminar Proceedings},
 title = {09131 Abstracts Collection -- Service Level Agreements in Grids},
 url = {http://drops.dagstuhl.de/opus/volltexte/2009/2027},
 year = {2009}
}

