@inproceedings{las-2011-threat,
 author = {von Laszewski, Gregor and Wang, Lizhe and Wang, Fugang and Fox, Geoffrey C and KuMarch, Mahinthakumar G},
 booktitle = {Proc. The Second International Conference on Parallel and Distirbuted and Grid and cloud Computing for Engineering and Ajaccio and Corsica and France},
 comment = {TODO},
 organization = {Citeseer},
 title = {Threat detection in an urban water distribution systems with simulations conducted in grids and clouds},
 url = {http://citeseerx.ist.psu.edu/viewdoc/download?doi=10.1.1.300.4628&rep=rep1&type=pdf},
 year = {2011}
}

