@inproceedings{las17chameleon-mongo,
 author = {Mark McCombe and von Laszewski, Gregor, and Geoffrey C. Fox},
 booktitle = {Chameleon Cloud User Meeting},
 comment = {TODO},
 organization = {University of Chicago},
 title = {Automated sharded mongodb deployment and benchmarking for big data analysis},
 url = {https://github.com/cloudmesh/sp17-i524/raw/master/meeting/vonLaszewski-i524-chameleon.pdf},
 year = {2017}
}

