@article{las11emolst,
 author = {Gregor von Laszewski and Jai Dayal and Lizhe Wang},
 bibsource = {DBLP, http://dblp.uni-trier.de},
 doi = {10.1002/cpe.1745},
 journal = {Concurrency and Computation: Practice and Experience},
 number = {16},
 pages = {1857-1867},
 title = {eMOLST: a documentation flow for distributed health informatics},
 url = {https://laszewski.github.io/papers/vonLaszewski-10-CCPE-emolst.pdf},
 volume = {23},
 year = {2011}
}

