@inproceedings{las03coalloc,
 address = {Las Vegas},
 author = {Sudeepth Ananad and Srikanath Yoginath and von
Laszewski, Gregor and Beulah Alunkal},
 booktitle = {Proceedings of the International Conference on
Communications in Computing},
 day = {~23-26},
 editor = {Braan J d'Auriol},
 file = {vonLaszewski-coalloc.pdf:http\://cyberaide.googlecode.com/svn/trunk/papers/anl/vonLaszewski-coalloc.pdf:PDF;vonLaszewski-coalloc.pdf:http\://cyberaide.googlecode.com/svn/trunk/papers/anl/vonLaszewski-coalloc.pdf:PDF},
 month = {June},
 pages = {24-30},
 publisher = {CSREA Press},
 title = {Flow-based Multistage Co-allocation Service},
 url = {https://laszewski.github.io/papers/vonLaszewski-coalloc.pdf},
 year = {2003}
}

