@inproceedings{las-96-ecwmf,
 address = {Reading and UK},
 author = {von Laszewski and Gregor},
 booktitle = {Making Its Mark and Proceedings of the 6th Workshop on the Use of Parallel Processors in Meteorology},
 day = {2-6~},
 editor = {G.-R. Hoffman and N. Kreitz},
 isbn = {978-9810233501},
 month = {December},
 organization = {European Centre for Medium Weather Forecast},
 pages = {311-325},
 publisher = {World Scientific},
 status = {final},
 title = {An Interactive Parallel Programming Environment Applied in Atmospheric Science},
 url = {https://laszewski.github.io/papers/vonLaszewski-ecwmf-interactive.pdf},
 year = {1996}
}

