@inproceedings{las90natug,
 address = {Ithaca, NY},
 author = {von Laszewski, Gregor},
 booktitle = {Transputer Research and Applications 4, Proceedings
of the 4th Conference of the North-American
Transputers Users Group},
 day = {11-12},
 editor = {David Fielding},
 file = {laszewski-natug:http\://tinyurl.com/laszewski-natug:PDF},
 month = {October},
 pages = {164-172},
 publisher = {IOS Press, Amsterdam},
 title = {A Parallel Genetic Algorithm for the Graph
Partitioning Problem},
 url = {http://tinyurl.com/laszewski-natug},
 year = {1990}
}

