@inproceedings{las-2002-deploy,
 acmid = {727944},
 address = {Berlin, Germany},
 author = {von Laszewski, Gregor and Eric Blau and Michael Bletzinger and Jarek Gawor and Peter Lane and Stuart Martin and Michael Russell},
 booktitle = {IFIP/ACM Working Conference on Component Deployment},
 day = {20-21~},
 editor = {Judith Bishop},
 isbn = {3-540-43847-5},
 month = {June},
 numpages = {13},
 pages = {244-256},
 publisher = {Springer-Verlag, London, UK},
 series = {Lecture Notes in Computer Science},
 title = {Software, Component, and Service Deployment in Computational Grids},
 url = {https://laszewski.github.io/papers/vonLaszewski-deploy-32.pdf},
 urlother = {http://dl.acm.org/citation.cfm?id=647479.727944},
 volume = {2370},
 year = {2002}
}

