@techreport{las12xdmod-planing,
 author = {Thomas R Furlani and Barry I Schneider and Matthew D
Jones and John, Towns and David L Hart and Abani K
Patra and Robert L Deleon and Steven M Gallo and
Charng-Da Lu and Amin Ghadersohi and Ryan J Gentner
and Andrew E Bruno and John R Boisseau and Fugang
Wang and Gregor Von Laszewski},
 file = {https://www.researchgate.net/profile/Gregor_Von_Laszewski/publication/229118912_Data_Analytics_Driven_Cyberinfrastructure_Operations_Planning_and_Analysis_Using_XDMoD/links/0fcfd500575525a654000000.pdf},
 institution = {University of Buffalo},
 month = {Jul.},
 title = {Data Analytics Driven Cyberinfrastructure
Operations, Planning and Analysis Using XDMoD},
 url = {https://laszewski.github.io/papers/vonLaszewski-draft-data-analytics-planing.pdf},
 year = {2012}
}

