@article{las-2002-gsfl,
 author = {Krishnan, Sriram and Wagstrom, Patrick and von Laszewski, Gregor},
 comment = {TODO},
 journal = {Preprint ANL/MCS-P980-0802 and Argonne National Laboratory},
 pages = {25--31},
 title = {GSFL: A workflow framework for grid services},
 url = {http://users.sdsc.edu/~sriram/publications/gsfl.pdf},
 volume = {9700},
 year = {2002}
}

