@inproceedings{las06-exp-a,
 author = {von Laszewski, Gregor and Christopher Grubbs and
Matthew Bone and David Angulo},
 booktitle = {International Workshop on Grid Computing
Environments 2006 in Conjunction with SC06},
 file = {36:http\://library.rit.edu/oajournals/index.php/gce/article/view/75/36:PDF},
 owner = {neu},
 timestamp = {2013.12.18},
 title = {The Java CoG Kit Experiment Manager},
 url = {http://library.rit.edu/oajournals/index.php/gce/article/view/75/36},
 year = {2006}
}

