@inproceedings{las01pse,
 acmid = {820812},
 address = {Maui, Hawaii},
 author = {von Laszewski, Gregor and Ian Foster and Jarek Gawor
and Peter Lane and Nell Rehn and Mike Russell},
 booktitle = {Proceedings of the 34th Annual Hawaii International
Conference on System Sciences (HICSS-34)},
 day = {3-6},
 isbn = {0-7695-0981-9},
 month = {January},
 note = {http://dl.acm.org/citation.cfm?id=820738.820812},
 pages = {9028--},
 publisher = {IEEE Computer Society, Washington, DC, USA},
 series = {HICSS '01},
 status = {final},
 title = {Designing Grid-based Problem Solving Environments
and Portals},
 url = {https://laszewski.github.io/papers/vonLaszewski-cog-pse-final.pdf},
 volume = {9},
 year = {2001}
}

