@inproceedings{las-2005-exp,
 author = {von Laszewski, Gregor and Christopher Grubbs and Matthew Bone and David Angulo},
 booktitle = {International Workshop on Grid Computing Environments 2006 in Conjunction with SC06},
 comment = {add to ax},
 title = {The Java CoG Kit Experiment Manager},
 url = {https://laszewski.github.io/papers/las-05-exp.pdf},
 urlother = {https://digitalarchive.rit.edu/xmlui/bitstream/handle/1850/7339/PZimnyConfProc11-13-2006.pdf},
 year = {2006}
}

