@inproceedings{las-1999-rostock,
 author = {von Laszewski, Gregor and Ian Foster},
 booktitle = {Proceedings of the Workshop Distributed Computing on the Web (DCW)},
 comment = {TODO},
 day = {21-23~},
 month = {June},
 note = {\em (Invited Talk)},
 pages = {1-16},
 publisher = {University of Rostock and Germany},
 status = {final},
 title = {Grid Infrastructure to Support Science Portals for Large Scale Instruments},
 url = {https://www.osti.gov/biblio/775256},
 year = {1999}
}

