@techreport{las-2004-grid-portal,
 author = {Gannon, Dennis and Fox, Geoffrey and Pierce, Marlon and Plale, Beth and von Laszewski, G and Severance, Charles and Hardin, Joseph and Alameda, Jay and Thomas, Mary and Boisseau, John},
 comment = {nopdf: in untitled folder},
 journal = {GGF Community Practice document and working draft},
 title = {Grid portals: a scientist's access point for grid services},
 volume = {1},
 year = {2003}
}

