@inproceedings{las-10-ccgrid,
 acmid = {1845153},
 address = {Melbourne and Victoria and Australia},
 author = {Wang and Lizhe and von Laszewski and Gregor and Dayal and Jay and Wang and Fugang},
 booktitle = {Proceedings of the 10th IEEE/ACM International Conference on Cluster and Cloud and Grid Computing},
 day = {17-20~},
 doi = {10.1109/CCGRID.2010.19},
 isbn = {978-0-7695-4039-9},
 keywords = {Cluster Computing and Green Computing and Task Scheduling},
 month = {May},
 numpages = {10},
 pages = {368--377},
 publisher = {IEEE Computer Society and Washington and DC and USA},
 series = {CCGRID '10},
 title = {Towards Energy Aware Scheduling for Precedence Constrained Parallel Tasks in a Cluster with DVFS},
 url = {https://laszewski.github.io/papers/vonLaszewski-10-ccgrid.pdf},
 year = {2010}
}

