@inproceedings{las11wtm-hadoop,
 address = {Ajaccio, Corsica, France},
 author = {von Laszewski, Gregor and Lizhe Wang and Fugang Wang},
 booktitle = {The Second International Conference on Parallel, Distributed, Grid and Cloud Computing for Engineering},
 day = {12-15},
 doi = {10.1007/11758532_54},
 month = {April},
 note = {Extended paper available},
 title = {Simulation of Threat Management of Urban Water Distribution Systems with Grid Workflow},
 url = {https://laszewski.github.io/papers/vonLaszewski-11-wtm-hadoop.pdf},
 year = {2011}
}

