@inproceedings{las04clade,
 address = {Honolulu, HI},
 author = {James D. Myers and Thomas C. Allison and Sandra
Bittner and Brett Didier and Michael Frenklach and
William H. Green and Jr. and Yen-Ling Ho and John
Hewson and Wendy Koegler and Carina Lansing and
David Leahy and Michael Lee and Renata McCoy and
Michael Minkoff and Sandeep Nijsure and von
Laszewski, Gregor and David Montoya and Carmen
Pancerella and Reinhardt Pinzon and William Pitz and
Larry A. Rahn and Branko Ruscic and Karen Schuchardt
and Eric Stephan and Al Wagner and Theresa Windus
and Christine Yang},
 booktitle = {Second International Workshop on Challenges of
Large Applications in Distributed Environments},
 doi = {10.1109/CLADE.2004.1309089},
 month = {June},
 pages = {24-33},
 status = {final},
 title = {A Collaborative Informatics Infrastructure for
Multi-scale Science},
 url = {https://laszewski.github.io/papers/vonLaszewski-clade2004.pdf},
 year = {2004}
}

