@inproceedings{las09cluster,
 address = {New Orleans},
 author = {von Laszewski, Gregor and Lizhe Wang and Andrew
J. Younge and Xi He},
 booktitle = {Proceedings of the 2009 IEEE International
Conference on Cluster Computing (Cluster 2009)},
 day = {31 Aug. -- Sep. 4},
 doi = {10.1109/GREENCOMP.2010.5598294},
 month = {August},
 otherlabel = {DBLP:conf/cluster/Wang09},
 publisher = {IEEE},
 status = {accepted},
 timestamp = {2009.06.21},
 title = {Power-Aware Scheduling of Virtual Machines in
DVFS-enabled Clusters},
 url = {https://laszewski.github.io/papers/vonLaszewski-cluster09.pdf},
 year = {2009}
}

