@article{las99hbm-journal,
 author = {P. Stelling and C. DeMatteis and I. Foster and C. Kesselman and C. Lee and von Laszewski, Gregor},
 doi = {10.1023/A:1019070407281},
 issn = {1386-7857},
 journal = {Cluster Computing},
 number = {2},
 oldlabel = {Las99HBM},
 pages = {117-128},
 title = {A Fault Detection Service for Wide Area Distributed Computations},
 url = {https://laszewski.github.io/papers/vonLaszewski-hbm-journal.pdf},
 volume = {2},
 year = {1999}
}

