@misc{las-2010-sc-poster-rain,
 author = {Fox, G. C. and Younge, A. J. and von Laszewski, Gregor and A. Kulshrestha and F. Wang},
 comment = {TODO},
 howpublished = {SC10 International Conference for High Performance Computing},
 month = {November},
 owner = {neu},
 timestamp = {2013.12.23},
 title = {Rain: Dynamically Provisioning Clouds within FutureGrid},
 year = {2010}
}

