@techreport{las22-reu,
 address = {Charlottesvill, VA},
 author = {Editors Gregor von Laszewski, Geoffrey C. Fox},
 institution = {University of Virginia},
 month = {October},
 optannote = {},
 optkey = {},
 optnote = {},
 optnumber = {},
 opttype = {},
 title = {Proceedings of the CyberTraining REU2022 CyberTraining for Students and Technologies from Generation Z},
 url = {https://github.com/cloudmesh-community/pub/raw/master/docs/vonLaszewski-reu2022.pdf},
 year = {2022}
}

