@techreport{las19-nist19,
 author = {Gregor von Laszewski, Wo. L Chang},
 institution = {institution},
 month = {June},
 title = {NIST Big Data Interoperability Framework: Volume 8, Reference Architecture Interfaces},
 url = {hhttps://laszewski.github.io/papers/nistvol8-2.pdf},
 year = {2019}
}

