@inproceedings{las-03-chem,
 address = {Columbus and OH},
 author = {B. Ruscic and Pinzon, R. E. and Morton, M. L. and B. Wang and Wagner, A. F. and von Laszewski, Gregor and Nijsure, S. G. and Amin, K. A. and Bittner, Sandra J. and M. Minkoff},
 booktitle = {Proceedings of the 58th International Symposium Molecular Sectrosctroscopy},
 day = {16-20~},
 month = {June},
 pages = {178},
 status = {final},
 title = {Further Refinements of the Bond Dissociation Energy in Water and Hydroxyl Radical Using the Active Thermochemical Tables Approach},
 url = {http://hdl.handle.net/1811/21100},
 year = {2003}
}

