@inproceedings{las-08federated-cloud,
 acmid = {2378982},
 address = {New York and NY and USA},
 author = {von Laszewski, Gregor and Lee, Hyungro and Diaz, Javier and Wang, Fugang, Tanaka, Koji and Karavinkoppa, Shubhada and Fox, Geoffrey C. and Furlani, Tom},
 booktitle = {Proceedings of the 2012 Workshop on Cloud Services and Federation and and the 8th Open Cirrus Summit},
 comment = {TODO},
 doi = {10.1145/2378975.2378982},
 isbn = {978-1-4503-1754-2},
 keywords = {cloud metric and cloud seeding and cloud shifting and dynamic provisioning and federated clouds and futuregrid and rain},
 location = {San Jose and California and USA},
 numpages = {8},
 pages = {25--32},
 publisher = {ACM},
 series = {FederatedClouds '12},
 title = {Design of an Accounting and Metric-based Cloud-shifting and Cloud-seeding Framework for Federated Clouds and Bare-metal Environments},
 url = {https://d1wqtxts1xzle7.cloudfront.net/40241536/accounting.pdf?1448129919=&response-content-disposition=inline%3B+filename%3DDesign_of_an_accounting_and_metric_based.pdf&Expires=1629384836&Signature=TcYCyUX84siURRv-pP9YL0Cw1s9c1VOwX2S0Q4ZWzL3XVmn1TRGWfRsLCCiTkluD0F0LrnFPPsWHgWTBBMuz7cT-e8S5C9pcDtA5EF2HeN8jG2MIxCsgTIT5KY3kh2mAwmeysVIrQsapIi9hF9IezVZAfR-Mja168LaFQ7jI7LZ9162rmtKQhEFYP0X7YUxjBBIpw7rZ84G7L1kpQFll0LufNRQLI-TcIs2bcKsawFiz9moMYUT5lSq1XY6hEdocTOFl18yZcxMMlY2OVYeI62qtE7VpJSYoFTiP95b~F~eGZsamBuHZuCngGm5w7uNseEl9PsmXXmcMUU85aJpdzw__&Key-Pair-Id=APKAJLOHF5GGSLRBV4ZA},
 year = {2012}
}

