@article{las06guss-j,
 acmid = {1285349},
 address = {Chichester, UK},
 author = {von Laszewski, Gregor and Jonathan DiCarlo and Bill Allcock},
 doi = {10.1002/cpe.v19:12},
 issn = {1532-0626},
 journal = {Concurrency and Computation: Practice and Experience},
 month = {August},
 number = {12},
 numpages = {10},
 pages = {1683-1692},
 publisher = {John Wiley and Sons Ltd.},
 title = {A Portal for Visualizing Grid Usage},
 url = {https://github.com/laszewski/papers/blob/master/vonLaszewski-guss.pdf},
 volume = {19},
 year = {2007}
}

