@article{las-2006-saga,
 author = {Goodale, Tom and Jha, Shantenu and Kaiser, Hartmut and Kielmann, Thilo and Kleijer, Pascal and von Laszewski, Gregor and Lee, Craig and Merzky, Andre and Rajic, Hrabri and Shalf, John},
 journal = {Computational Methods in Science and Technology},
 number = {1},
 pages = {7--20},
 title = {SAGA: A Simple API for Grid Applications. High-level application programming on the Grid},
 volume = {12},
 year = {2006}
}

