@inproceedings{las-09-ispan,
 acmid = {1728982},
 address = {Kao-Hsiung and Taiwan},
 author = {Wang, Lizhe and von Laszewski, Gregor and Dayal, Jai and He, Xi and Younge, Andrew J. and Furlani, Thomas R.},
 booktitle = {Proceedings of the 10th International Symposium on Pervasive Systems and Algorithms and and Networks (ISPAN2009)},
 comment = {TODO},
 day = {14-16},
 doi = {10.1109/I-SPAN.2009.22},
 isbn = {978-0-7695-3908-9},
 month = {December},
 numpages = {7},
 pages = {116-122},
 publisher = {IEEE Computer Society and Washington and DC and USA},
 series = {ISPAN '09},
 title = {Towards Thermal Aware Workload Scheduling in a Data Center},
 year = {2009}
}

