@article{las-10-ve-journal,
 acmid = {1663939},
 address = {Oxford and UK},
 author = {Wang and Lizhe and von Laszewski and Gregor and Kunze and Marcel and Tao and Jie and Dayal and Jai},
 doi = {10.1016/j.advengsoft.2009.09.002},
 issn = {0965-9978},
 issue_date = {February and 2010},
 journal = {Advances in Engineering Software},
 keywords = {Grid computing and Virtual environment and Virtual machine},
 month = {February},
 number = {2},
 numpages = {7},
 pages = {213-219},
 publisher = {Elsevier Science Ltd.},
 title = {Provide Virtual Distributed Environments for Grid computing on Demand},
 url = {https://laszewski.github.io/papers/vonLaszewski-vapl.pdf},
 volume = {41},
 year = {2010}
}

