@incollection{las-2023-whitepaper-nist,
 author = { von Laszewski, Gregor and Wo Chang and Russell Reinsch and Olivera Kotevska and Ali Karimi and Abdul Rahman Sattar and Garry Mazzaferro and Fox, Geoffrey C.},
 booktitle = {arxiv},
 month = {October},
 note = {submitted},
 title = {Whitepaper on Reusable Hybrid and Multi-Cloud Analytics Service Framework},
 url = {https://github.com/cyberaide/NIST-analytics/raw/main/NIST-analytics.pdf},
 year = {2023}
}

