@article{las02cactus-j,
 acmid = {593012},
 address = {Hingham, MA, USA},
 author = {Michael Russell and Gabrielle Allen and Ian Foster
and Ed Seidel and Jason Novotny and John Shalf and
von Laszewski, Gregor and Greg Daues},
 doi = {10.1023/A:1015629422149},
 issn = {1386-7857},
 journal = {Journal on Cluster Computing},
 month = {July},
 number = {3},
 numpages = {8},
 oldlabel = {DBLP:journals/cluster/RussellADFSNSL02},
 oldlabels = {cactusclster},
 pages = {297-304},
 publisher = {Kluwer Academic Publishers},
 title = {The Astrophysics Simulation Collaboratory: A
Science Portal Enabling Community Software
Development},
 url = {https://laszewski.github.io/papers/astro-jcc.pdf},
 volume = {5},
 year = {2002}
}

