@incollection{las12fg-bookchapter,
 author = {Geoffrey C. Fox and Gregor von Laszewski and Javier
Diaz and Kate Keahey and Jose Fortes and Renato
Figueiredo and Shava Smallen and Warren Smith and
Andrew Grimshaw},
 booktitle = {Contemporary HPC Architectures},
 edition = {draft},
 title = {FutureGrid - a reconfigurable testbed for Cloud,
HPC and Grid Computing},
 url = {https://laszewski.github.io/papers/vonLaszewski-12-fg-bookchapter.pdf},
 year = {2012}
}

