@inproceedings{las-01-gosv3,
 author = {Von Laszewski and Gregor and Helm and Mike and Fitzgerald and Steven M and Vanderbilt and Pete and Didier and Brett and Lane and Peter and Swany and Martin},
 booktitle = {Argonne National Laboratory and Pacific Northwest Laboratory and Grid Forum Working Group Document GWD-GIS-011-11},
 title = {GOSv3: A Data Definition Language for Grid Information Services},
 url = {https://www.ogf.org/documents/Drafts/GGF-2%20GWD's/ggf2%20WG%20Docs/gis-wg-021-002.pdf},
 year = {2001}
}

