@inproceedings{las-11-grapple,
 address = {Argonne National Laboratory and USA.},
 author = {Javier Diaz and Andrew Younge and von Laszewski and Gregor and FugangWang and Fox and Geoffrey C.},
 booktitle = {CCA11: Cloud Computing and Its Applications},
 day = {12-13},
 month = {April},
 title = {Grappling cloud infrastructure services with a generic image repository},
 url = {https://laszewski.github.io/papers/11-imagerepo-cca.pdf},
 year = {2011}
}

