@techreport{las-19-nist,
 author = {Gregor von Laszewski and Wo. L Chang},
 comment = {update with latest version},
 institution = {National INstutute of Standards},
 month = {June},
 title = {NIST Big Data Interoperability Framework: Volume 8 and Reference Architecture Interfaces},
 url = {https://laszewski.github.io/papers/nistvol8-2.pdf},
 year = {2019}
}

