@misc{las-00-xport,
 author = { Donald McMullen and Randall Bramley and Huffman, John C. and John Bollinger and Edward Dambik amd Kia Huffman and vonLaszewski, Gregor},
 comment = {TODO},
 note = {SC Poster},
 title = {The Xport collaboratory for high-brilliance X-ray crystallography},
 url = {https://www.iumsc.indiana.edu/projects/NMI/xport_poster.pdf},
 year = {2000}
}

