@misc{las-00-xport,
 author = {McMullen and Donald and Bramley and Randall and Huffman and John C and Bollinger and John and Dambik and Edward and Huffman and Kia and von Laszewski and Gregor},
 comment = {TODO},
 note = {SC Poster},
 title = {The Xport collaboratory for high-brilliance X-ray crystallography},
 url = {https://www.iumsc.indiana.edu/projects/NMI/xport_poster.pdf},
 year = {2000}
}

