@inproceedings{las01hpdc10cactus,
 address = {San Francisco, CA},
 author = {Michael Russell and Gabrielle Allen and Ian Foster
and Ed Seidel and Jason Novotny and John Shalf and
von Laszewski, Gregor and Greg Daues},
 booktitle = {Proceedings of the 10th IEEE International
Symposium on High Performance Distributed
Computing},
 day = {7-9~},
 doi = {10.1109/HPDC.2001.945190},
 issn = {1082-8907},
 month = {August},
 pages = {207-215},
 title = {The Astrophysics Simulation Collaboratory: A
Science Portal Enabling Community Software
Development},
 url = {https://laszewski.github.io/papers/astro-hpdc10.pdf},
 year = {2001}
}

