@article{las-crypto,
 author = {Fleischer, Jacques Phillipe and von Laszewski, Gregor and Theran, Carlos and Parra Bautista, Yohn Jairo},
 doi = {10.3390/a15070230},
 issn = {1999-4893},
 journal = {Algorithms},
 number = {7},
 title = {Time Series Analysis of Cryptocurrency Prices Using Long Short-Term Memory},
 url = {https://www.mdpi.com/1999-4893/15/7/230},
 volume = {15},
 year = {2022}
}

