@techreport{las-2020-book-chameleon,
 address = {Bloomington IN, U.S.A.},
 author = {The Chameloen Team and von Laszewski, Gregor},
 comment = {TODO},
 epub = {https://cloudmesh-community.github.io/pub/vonLaszewski-chameleon.epub},
 institution = {Indiana University},
 month = {February},
 title = {Openstack with Chameloen Cloud},
 type = {Lecture Notes},
 url = {https://cloudmesh-community.github.io/pub/vonLaszewski-chameleon.pdf},
 year = {2020}
}

