@inproceedings{las11wtm-hadoop,
 address = {Ajaccio, Corsica, France},
 author = {von Laszewski, Gregor and Lizhe Wang and Fugang
Wang},
 booktitle = {The Second International Conference on Parallel,
Distributed, Grid and Cloud Computing for
Engineering},
 day = {12-15},
 doi = {10.1007/11758532_54},
 file = {vonLaszewski-11-wtm-hadoop.pdf:11-wtm-cyberaide-hadoop/vonLaszewski-11-wtm-hadoop.pdf:PDF;vonLaszewski-11-wtm-hadoop.pdf:11-wtm-cyberaide-hadoop/vonLaszewski-11-wtm-hadoop.pdf:PDF},
 month = {April},
 note = {Extended paper available},
 title = {Simulation of Threat Management of Urban Water
Distribution Systems with Grid Workflow},
 url = {11-wtm-cyberaide-hadoop/vonLaszewski-11-wtm-hadoop.pdf},
 year = {2011}
}

