@techreport{las-00-grid-create,
 address = {Argonne, IL},
 author = {Omer F. Rana and Ali Shaikhali1 and and Gregor von Laszewski},
 month = {August},
 number = {a},
 title = {Creating and Managing Grid Services},
 type = {Technical Report},
 url = {https://citeseerx.ist.psu.edu/viewdoc/download?doi=10.1.1.461.95&rep=rep1&type=pdf},
 year = {2000}
}

