@techreport{las-00-massspec-r,
 author = {Cosmin Stejerean1 and Paiboon Siwamutita and E. D. Frank and Carol S Giometti and Gyorgy Babnigg and David Angulo and Kevin Drew and Gregor von Laszewski},
 comment = {TODO},
 title = {An End-to-End System for Organizing and Sharing Raw and Derived Mass Spectrometry Data},
 url = {https://www.researchgate.net/profile/David-Angulo-2/publication/228499769_An_End-to-End_System_for_Organizing_and_Sharing_Raw_and_Derived_Mass_Spectrometry_Data/links/544e5d170cf26dda08900d8b/An-End-to-End-System-for-Organizing-and-Sharing-Raw-and-Derived-Mass-Spectrometry-Data.pdf}
}

