@inproceedings{las-05-ad-hoc-sec,
 author = {Amin and K. and von Laszewski and G. and Sosonkin and M. and Mikler and A.R. and Hategan and M.},
 booktitle = {The 6th IEEE/ACM International Workshop on Grid Computing and 2005.},
 comment = {TODO},
 doi = {10.1109/GRID.2005.1542726},
 pages = {8 pp.-},
 title = {Ad hoc grid security infrastructure},
 url = {https://citeseerx.ist.psu.edu/viewdoc/download?doi=10.1.1.379.7879&rep=rep1&type=pdf},
 year = {2005}
}

