@techreport{las-05-developing,
 author = {Puryear and Eric and Angulo and David and Drew and Kevin and Schilling and Alex and von Laszewski and Gregor},
 institution = {DePaul University CTI Tech Report},
 pages = {1--7},
 title = {Developing a Distributed and Scalable Foundation for Mass Spectrometry Data},
 url = {https://laszewski.github.io/papers/puryear-TR05-004.pdf},
 year = {2005}
}

