@inproceedings{von2011threat,
 author = {Von Laszewski and Gregor and Wang and Lizhe and Wang and Fugang and Fox and Geoffrey C and Mahinthakumar and G Kumar},
 booktitle = {Proc. The Second International Conference on Parallel and Distirbuted and Grid and cloud Computing for Engineering and Ajaccio and Corsica and France},
 comment = {TODO},
 organization = {Citeseer},
 title = {Threat detection in an urban water distribution systems with simulations conducted in grids and clouds},
 url = {http://citeseerx.ist.psu.edu/viewdoc/download?doi=10.1.1.300.4628&rep=rep1&type=pdf},
 year = {2011}
}

