@techreport{las20book-markdown,
 address = {Bloomington IN, U.S.A.},
 author = {von Laszewski, Gregor},
 institution = {Indiana University},
 month = {February},
 title = {Scientific Writing with Markdown},
 type = {Online Book},
 url = {https://cloudmesh-community.github.io/pub/vonLaszewski-writing.pdf},
 epub = {https://cloudmesh-community.github.io/pub/vonLaszewski-writing.epub},
 year = {2020}
}
% url = {https://laszewski.github.io/book/writing/},


