@inproceedings{las-ogce-tg09,
 address = {Arlington, VA},
 author = {Pierce, Marlon and Marru, S. and Wenjun Wu and Gopi Kandaswami and von Laszewski, Gregor and Rion Dooley and Maytal Dahan and Nancy Wilkins-Diehr and Thomas, Mary},
 booktitle = {TeraGrid 09 meeting},
 day = {24},
 month = {June},
 title = {Open Grid Computing Environments},
 url = {https://laszewski.github.io/papers/OGCETG09-1-1.pdf},
 year = {2009}
}

