@book{las-2021-projects,
 address = {Bloomington, IN},
 editor = {von Laszewski, Gregor and Fox, Geoffrey},
 epub = {https://cybertraining-dsc.github.io/docs/report/2021/},
 month = {May},
 publisher = {Online, Indiana University},
 series = {Online Books Digital Science Center},
 title = {Proceedings: 2021 AI First Engineering},
 url = {https://cybertraining-dsc.github.io/docs/pub/ai2021.pdf},
 year = {2021}
}

