@inproceedings{chen10energy,
 acmid = {1953550},
 address = {Washington, DC, USA},
 author = {Chen, Dan and Wang, Lizhe and Wang, Shuaiting and
Xiong, Muzhou and Laszewski, Gregor von and Li,
Xiaoli},
 booktitle = {Proceedings of the 2010 IEEE/ACM Int'L Conference on
Green Computing and Communications & Int'L
Conference on Cyber, Physical and Social Computing},
 doi = {10.1109/GreenCom-CPSCom.2010.24},
 isbn = {978-0-7695-4331-4},
 keywords = {High Performance Computing, General-purpose
Computing on the Graphics Processing Unit, Neural
Signals, EEG},
 numpages = {8},
 pages = {147--154},
 publisher = {IEEE Computer Society},
 series = {GREENCOM-CPSCOM '10},
 title = {Enabling Energy-Efficient Analysis of Massive
Neural Signals Using GPGPU},
 url = {10.1109/GreenCom-CPSCom.2010.24},
 year = {2010}
}

