@inproceedings{las97hpdc,
 address = {Portland, OR},
 author = {Steve Fitzgerald and Ian Foster and Carl Kesselman and von Laszewski, Gregor and Warren Smith and Steve Tuecke},
 booktitle = {Proceedings of the 6th IEEE Symposium on High-Performance Distributed Computing},
 day = {5-8~},
 doi = {10.1109/HPDC.1997.626445},
 month = {August},
 oldlabel = {DBLP:conf/hpdc/FitzgeraldFKLST97},
 pages = {365-375},
 status = {final},
 title = {A Directory Service for Configuring High-Performance Distributed Computations},
 url = {https://laszewski.github.io/papers/fitzgerald-hpdc97-mds.pdf},
 year = {1997}
}

