@inproceedings{las14cloudmeshmultiple,
 acmid = {2609638},
 address = {New York, NY, USA},
 author = {von Laszewski, Gregor and Wang, Fugang and Lee,
Hyungro and Chen, Heng and Fox, Geoffrey C.},
 booktitle = {Proceedings of the 2014 ACM International Workshop
on Software-defined Ecosystems},
 doi = {10.1145/2609441.2609638},
 file = {vonLaszewski-cloudmesh.pdf:https\://github.com/cyberaide/paper-cloudmesh/raw/master/vonLaszewski-cloudmesh.pdf:PDF},
 isbn = {978-1-4503-2909-5},
 keywords = {cloud computing},
 location = {Vancouver, BC, Canada},
 numpages = {8},
 pages = {21--28},
 publisher = {ACM},
 series = {BigSystem '14},
 title = {Accessing Multiple Clouds with Cloudmesh},
 url = {http://doi.acm.org/10.1145/2609441.2609638},
 year = {2014}
}

