@inproceedings{las-16-virtcluster,
 address = {Miami and USA},
 author = {Wagner and Rick and Papadopoulos and Philip and Mishin and Dmitry and Cooper and Trevor and Tatineti and Mahidhar and von Laszewski and Gregor and Wang and Fugang and Fox and Geoffrey C.},
 booktitle = {Proceedings of the XSEDE16 Conference on Diversity and Big Data and and Science at Scale},
 comment = {TODO},
 doi = {10.1145/2949550.2949555},
 isbn = {978-1-4503-4755-6},
 month = {July},
 pages = {24:1--24:8},
 publisher = {ACM and New York and NY},
 title = {User Managed Virtual Clusters in Comet},
 url = {https://dl.acm.org/doi/pdf/10.1145/2949550.2949555},
 year = {2016}
}

