@techreport{las-2006-massspec-r,
 author = {Cosmin Stejerean1 and Paiboon Siwamutita and E.~D. Frank and Carol Giometti and Gyorgy Babnigg and David Angulo and Kevin Drew and von Laszewski, Gregor},
 comment = {remove first page},
 title = {An End-to-End System for Organizing, Sharing Raw and Derived Mass Spectrometry Data},
 url = {https://laszewski.github.io/papers/las-06-mass-r.pdf},
 year = {2006}
}

