@article{wang10transactions,
 author = {Lizhe Wang and von Laszewski, Gregor and Dan Chen
and Jie Tao and Kunze, M.},
 doi = {10.1109/TSMCA.2010.2052598},
 journal = {IEEE Transactions on Systems, Man and Cybernetics,
Part A: Systems and Humans},
 month = {November},
 number = {6},
 pages = {1362-1374},
 title = {Provide Virtual Machine Information for Grid
Computing},
 volume = {40},
 year = {2010}
}

