@inproceedings{las06cobalt,
 author = {Gregor von Laszewski and Christopher Grubb and Matthew Bone and David Angulo},
 booktitle = {International Workshop on Grid Computing Environments 2006 in Conjunction with SC06},
 owner = {neu},
 timestamp = {2013.12.18},
 title = {Workflow Management Through Cobalt},
 url = {http://library.rit.edu/oajournals/index.php/gce/article/view/73/34},
 year = {2006}
}

