@article{las99loosely,
 author = {von Laszewski, Gregor},
 doi = {10.1002/(SICI)1096-9128(19991225)11:15<933::AID-CPE461>3.0.CO;2-J},
 issn = {1096-9128},
 journal = {Concurrency: Practice and Experience},
 month = {December},
 note = {The initial version of this paper was available in 1996},
 number = {15},
 pages = {933-948},
 publisher = {John Wiley and Sons, Ltd.},
 title = {A Loosely Coupled Metacomputer: Cooperating Job Submissions Across Multiple Supercomputing Sites},
 url = {https://laszewski.github.io/papers/vonLaszewski-CooperatingJobs.pdf},
 volume = {11},
 year = {1999}
}

