@techreport{las-80-reservation,
 author = {Bohn, Natiele and Lewis, Oliver and von Laszewski, Gregor and Wang, Fugang},
 institution = {Indiana University},
 title = {Cloudmesh Resource Reservation},
 type = {Research Project},
 url = {https://laszewski.github.io/papers/las-15-poster-reservation.pdf},
 year = {2015}
}

