@inproceedings{las-18-impact,
 author = {Wang, Fugang and Laszewski, Gregor von and Whitson, Timothy and Fox, Geoffrey C and Furlani, Thomas R and DeLeon, Robert L and Gallo, Steven M},
 booktitle = {Proceedings of the Practice and Experience on Advanced Research Computing},
 doi = {10.1145/3219104.3219124},
 organization = {ACM},
 pages = {10},
 title = {Evaluating the Scientific Impact of XSEDE},
 url = {http://doi.acm.org/10.1145/3219104.3219124},
 year = {2018}
}

