@article{Yang09,
 acmid = {1666210},
 address = {Hingham, MA, USA},
 author = {Yang, Xiaoyu and Wang, Lizhe and Laszewski, Gregor},
 doi = {10.1007/s10586-009-0104-0},
 issn = {1386-7857},
 issue_date = {December 2009},
 journal = {Cluster Computing},
 keywords = {Cloud computing, Grid computing, e-Science},
 month = {December},
 number = {4},
 numpages = {4},
 pages = {353--356},
 publisher = {Kluwer Academic Publishers},
 title = {Recent Research Advances in e-Science},
 url = {10.1007/s10586-009-0104-0},
 volume = {12},
 year = {2009}
}

