@techreport{las-1995-infomall,
 author = {von Laszewski, Gregor},
 comment = {exclude},
 institution = {Syracuse University},
 title = {Minimal Requirements for a Graphical User Interface for InfoMall Applications},
 url = {https://laszewski.github.io/papers/sccs-0602.pdf},
 year = {1995}
}

