@inproceedings{las-90-natug,
 address = {Ithaca and NY},
 author = {von Laszewski, Gregor},
 booktitle = {Transputer Research and Applications 4 and Proceedings of the 4th Conference of the North-American Transputers Users Group},
 comment = {TODO: DOWNLOAD all pages as on internat google scan},
 day = {11-12},
 editor = {David Fielding},
 month = {October},
 pages = {164-172},
 publisher = {IOS Press and Amsterdam},
 title = {A Parallel Genetic Algorithm for the Graph Partitioning Problem},
 url = {http://tinyurl.com/laszewski-natug},
 year = {1990}
}

