@article{las02javacog,
 author = {von Laszewski, Gregor and Jarek Gawor and Peter Lane and Nell Rehn and Mike Russell and Keith Jackson},
 doi = {10.1002/cpe.674},
 issn = {1532-0634},
 journal = {Concurrency and Computation: Practice and Experience},
 number = {13-15},
 pages = {1045-1055},
 publisher = {John Wiley and Sons, Ltd.},
 status = {final},
 title = {Features of the Java Commodity Grid Kit},
 url = {https://laszewski.github.io/papers/vonLaszewski-cog-features.pdf},
 volume = {14},
 year = {2002}
}

