@article{las-2003-minmin,
 author = {He, XiaoShan and Sun, Xianhe and von Laszewski, Gregor},
 comment = {TODO},
 da = {2003/07/01},
 date-added = {2021-08-19 08:37:17 -0400},
 date-modified = {2021-08-19 08:37:17 -0400},
 doi = {10.1007/BF02948918},
 id = {He2003},
 isbn = {1860-4749},
 journal = {Journal of Computer Science and Technology},
 number = {4},
 pages = {442--451},
 title = {QoS guided Min-Min heuristic for grid task scheduling},
 ty = {JOUR},
 url = {http://www.cs.iit.edu/~scs/assets/files/jcst_XHe-5-28.pdf},
 urlother = {https://doi.org/10.1007/BF02948918},
 volume = {18},
 year = {2003}
}

