@inproceedings{las-10-energy,
 acmid = {1953550},
 address = {Washington and DC and USA},
 author = {Chen, Dan and Wang, Lizhe and Wang, Shuaiting and Xiong, Muzhou and von Laszewski, Gregor and Li, Xiaoli},
 booktitle = {Proceedings of the 2010 IEEE/ACM Int'L Conference on Green Computing and Communications and Int'L Conference on Cyber and Physical and Social Computing},
 comment = {TODO},
 doi = {10.1109/GreenCom-CPSCom.2010.24},
 isbn = {978-0-7695-4331-4},
 keywords = {High Performance Computing and General-purpose Computing on the Graphics Processing Unit and Neural Signals and EEG},
 numpages = {8},
 pages = {147--154},
 publisher = {IEEE Computer Society},
 series = {GREENCOM-CPSCOM '10},
 title = {Enabling Energy-Efficient Analysis of Massive Neural Signals Using GPGPU},
 url = {10.1109/GreenCom-CPSCom.2010.24},
 year = {2010}
}

