@book{las-2018-tech-vol-9,
 address = {Bloomington, IN},
 editor = {Laszewski, Gregor},
 epub = {https://cyberaide.org/papers/vonLaszewski-cloud-vol-9.epub},
 month = {May},
 publisher = {Online, Indiana University},
 series = {Online Books Digital Science Center},
 title = {Cloud and Big Data Technologies (Proceedings)},
 url = {https://cyberaide.org/papers/vonLaszewski-cloud-vol-9.pdf},
 volume = {9},
 year = {2018}
}

