@article{las02grip,
 author = {David Snelling and Sven van den Berghe and von Laszewski, Gregor and Philipp Wieder and D. Breuer and Jon MacLaren and Denis Nicole and John Brooke and Hans-Christian Hoppe.},
 issn = {1335-9150},
 journal = {Computing and Informatics},
 pages = {399-411},
 title = {A Unicore Globus Interoperability Layer},
 url = {https://laszewski.github.io/papers/D4.1b_draft.pdf},
 volume = {21},
 year = {2002}
}

