@inproceedings{las-97-nobugs,
 author = {von Laszewski and Gregor and Mary L. Westbrook and Craig Barnes and Ian Foster},
 booktitle = {International Workshop on New Opportunities for Better User Group Software (NOBUGS)},
 comment = {TODO},
 month = {December},
 organization = {Argonne and IL},
 status = {tmp},
 title = {Supercomputing Data Analysis with an Example on the APS CATs},
 url = {http://www.aps.anl.gov/News/Conferences/1997/nobugs/vonL.html},
 year = {1997}
}

