@inproceedings{las03chem,
 address = {Columbus, OH},
 author = {B. Ruscic and R. E. Pinzon and M. L. Morton and
B. Wang and A. F. Wagner and G. von Laszevski and
S. G. Nijsure and K. A. Amin and Sandra J. Bittner
and M. Minkoff},
 booktitle = {Proceedings of the 58th International Symposium
Molecular Sectrosctroscopy},
 day = {16-20~},
 month = {June},
 pages = {178},
 status = {final},
 title = {Further Refinements of the Bond Dissociation Energy
in Water and Hydroxyl Radical Using the Active
Thermochemical Tables Approach},
 url = {http://hdl.handle.net/1811/21100},
 year = {2003}
}

