@techreport{las-2020-proc-516-2020,
 address = {Bloomington IN, U.S.A.},
 author = {von Laszewski, Gregor},
 comment = {TODO},
 epub = {https://cloudmesh-community.github.io/pub/MISSING},
 institution = {Indiana University},
 month = {December},
 title = {Proceedings of Cloud Computing Engineering (2020)},
 type = {Lecture Notes},
 url = {https://cloudmesh-community.github.io/pub/MISSING},
 year = {2019}
}

