@misc{las22crypto-arxiv,
 author = {Fleischer, Jacques and von Laszewski, Gregor and Theran, Carlos and Bautista, Yohn Jairo Parra},
 copyright = {Creative Commons Attribution 4.0 International},
 doi = {10.48550/ARXIV.2202.13874},
 keywords = {Machine Learning (cs.LG), Distributed, Parallel, and Cluster Computing (cs.DC), FOS: Computer and information sciences, FOS: Computer and information sciences},
 publisher = {arXiv},
 title = {Time Series Analysis of Blockchain-Based Cryptocurrency Price Changes},
 url = {https://arxiv.org/abs/2202.13874},
 year = {2022}
}

