@techreport{gannon2003grid,
 author = {Gannon and Dennis and Fox and Geoffrey and Pierce and Marlon and Plale and Beth and Von Laszewski and G and Severance and Charles and Hardin and Joseph and Alameda and Jay and Thomas and Mary and Boisseau and John},
 comment = {TODO},
 journal = {GGF Community Practice document and working draft},
 title = {Grid portals: a scientist's access point for grid services},
 url = {in untitled folder},
 volume = {1},
 year = {2003}
}

