@incollection{las09cloudcomp,
 address = {Munich, Germany},
 author = {Kurze, Tobias and Wang, Lizhe and Laszewski, Gregor
von and Tao, Jie and Kunze, Marcel and Wang, Fugang
and Kramer, David and Karl, Wolfgang and Ekanayake,
Jaliya},
 booktitle = {International Conference on Cloud Computing
(CloudComp'09)},
 day = {19-21},
 doi = {10.1007/978-3-642-12636-9_10},
 editor = {Avresky, Dimiter R. and Diaz, Michel and Bode, Arndt
and Ciciani, Bruno and Dekel, Eliezer and Akan,
Ozgur and Bellavista, Paolo and Cao, Jiannong and
Dressler, Falko and Ferrari, Domenico and Gerla,
Mario and Kobayashi, Hisashi and Palazzo, Sergio and
Sahni, Sartaj and Shen, Xuemin (Sherman) and Stan,
Mircea and Xiaohua, Jia and Zomaya, Albert and
Coulson, Geoffrey},
 isbn = {978-3-642-12636-9},
 keyword = {Computer Science},
 month = {October},
 pages = {132-144},
 publisher = {Springer Berlin Heidelberg},
 series = {Lecture Notes of the Institute for Computer
Sciences, Social Informatics and Telecommunications
Engineering},
 title = {Cyberaide Virtual Applicance: On-Demand Deploying
Middleware for Cyberinfrastructure},
 url = {https://laszewski.github.io/papers/09-cloudcomp/paper.pdf},
 volume = {34},
 year = {2010}
}

