@misc{las-04-scidac-poster-cogkit,
 author = {Gregor von Laszewski and Keith Jackson},
 comment = {TODO},
 day = {22-24},
 howpublished = {DOI SciDAC PI Meeting (Poster) and Charleston and SC},
 month = {March},
 owner = {neu},
 timestamp = {2013.12.23},
 title = {Commodity Grid Kits},
 url = {http://www.csm.ornl.gov/workshops/DOE_SciDAC/posters.html},
 year = {2004}
}

