@techreport{las-2020-proc-516-2018,
 address = {Bloomington IN, U.S.A.},
 author = {von Laszewski, Gregor},
 comment = {TODO},
 epub = {https://cloudmesh-community.github.io/pub/vonLaszewski-proceedings-fa2018.epub},
 institution = {Indiana University},
 month = {December},
 title = {Proceedings of Cloud Computing Engineering (2018)},
 type = {Lecture Notes},
 url = {https://cloudmesh-community.github.io/pub/vonLaszewski-proceedings-fa2018.pdf},
 year = {2019}
}

