@inproceedings{las03dc,
 address = {Seatle, WA},
 author = {Carmen Pancerella and James D. Myers and Thomas
C. Allison and Kaizar Amin and Sandra Bittner and
Brett Didier and Michael Frenklach and William
H. Green, Jr. and Yen-Ling Ho and John Hewson and
Wendy Koegler and Carina Lansing and David Leahy and
Michael Lee and Renata McCoy and Michael Minkoff and
Sandeep Nijsure and von Laszewski, Gregor and David
Montoya and Reinhardt Pinzon and William Pitz and
Larry Rahn and Branko Ruscic and Karen Schuchardt
and Eric Stephan and Al Wagner and Baoshan Wang and
Theresa Windus and Lili Xu and Christine Yang},
 booktitle = {2003 Dublin Core Conference: Supporting Communities
of Discourse and Practice-Metadata Research and
Applications},
 day = {28~September~--~2~October},
 isbn = {0974530301},
 month = {September},
 status = {final},
 title = {Metadata in the Collaboratory for Multi-Scale
Chemical Science},
 url = {https://laszewski.github.io/papers/vonLaszewski-dublin-core.pdf},
 year = {2003}
}

