@inproceedings{las09sla,
 address = {Banff, Canada},
 author = {von Laszewski, Gregor and Lizhe Wang},
 booktitle = {Service Level Agreements in Grids Workshop, colocated with IEEE/ACM Grid 2009 Conference},
 day = {13~},
 month = {October},
 status = {final},
 title = {GreenIT Service Level Agreements},
 url = {https://github.com/laszewski/papers/blob/master/vonLaszewski-greenit-sla.pdf},
 year = {2009}
}

