@inproceedings{las-02-ocgsa,
 address = {St Anne's College Oxford and UK},
 author = {Kaizar Amin and Sandeep Nijsure and von Laszewski and Gregor},
 booktitle = {Euroweb 2002 Conference and The Web and the GRID: from e-Science to e-Business},
 day = {17-18~},
 doi = {10.14236/ewic/ew2002.14},
 month = {December},
 otherurl1 = {https://www.scienceopen.com/document_file/2e255dba-bbb5-4cb9-a455-bf7ec01f5adb/ScienceOpen/001_Amin.pdf},
 otherurl2 = {https://citeseerx.ist.psu.edu/viewdoc/download?doi=10.1.1.79.7022&rep=rep1&type=pdf},
 pages = {101-107},
 publisher = {The British Computer Society},
 title = {Open Collaborative Grid Services Architecture (OCGSA)},
 url = {https://laszewski.github.io/papers/vonLaszewski-ocgsa.pdf},
 year = {2002}
}

