@techreport{las-05-gridandt-user,
 author = {von Laszewski and Gregor and Hategan and Mike},
 comment = {TODO},
 institution = {Technical Report and Argonne National Laboratory and Argonne and IL and USA},
 title = {Java cog kit karajan/gridant workflow guide},
 url = {https://www.researchgate.net/profile/Gregor-Von-Laszewski/publication/228719347_Java_cog_kit_karajangridant_workflow_guide/links/0046351ba07ffbbb42000000/Java-cog-kit-karajan-gridant-workflow-guide.pdf},
 year = {2005}
}

