@proceedings{las-06-gce,
 address = {Tampa and FL},
 author = {von Laszewski and Gregor},
 comment = {TODO},
 editor = {von Laszewski and Gregor},
 month = {November},
 oldlabel = {gce06},
 organization = {in conjunction with IEEE/ACM SC06},
 publisher = {Published Aug. 2008 and Rochester Institute of Technology and Rochester NY},
 title = {Grid Computing Environments 2006 Confernce Proceeedings},
 url = {http://library.rit.edu/oajournals/index.php/gce/issue/view/10/showToc},
 year = {2006}
}

