@inproceedings{las-15-tas,
 acmid = {2792766},
 address = {New York, NY, USA},
 articleno = {21},
 author = {DeLeon, Robert L. and Furlani, Thomas R. and Gallo, Steven M. and White, Joseph P. and Jones, Matthew D. and Patra, Abani and Innus, Martins and Yearke, Thomas and Palmer, Jeffrey T. and Sperhac, Jeanette M. and Rathsam, Ryan and Simakov, Nikolay and von Laszewski, Gregor and Wang, Fugang},
 booktitle = {Proceedings of the 2015 XSEDE Conference: Scientific Advancements Enabled by Enhanced Cyberinfrastructure},
 doi = {10.1145/2792745.2792766},
 isbn = {978-1-4503-3720-5},
 keywords = {HPC, SUPReMM, TAS, XDMoD, XSEDE usage, XSEDE users},
 location = {St. Louis, Missouri},
 numpages = {8},
 pages = {21:1--21:8},
 publisher = {ACM},
 series = {XSEDE '15},
 title = {TAS View of XSEDE Users and Usage},
 url = {http://doi.acm.org/10.1145/2792745.2792766},
 year = {2015}
}

