@inproceedings{las03masses,
 address = {Shanghai, China},
 author = {Kaizar Amin and von Laszewski, Gregor and Armin R. Mikler},
 booktitle = {Grid and Cooperative Computing (GCC2003)},
 month = {December},
 pages = {464-473},
 status = {final},
 title = {Grid Computing for the Masses: An Overview},
 url = {https://github.com/laszewski/papers/blob/master/vonLaszewski-masses-gcc03.pdf},
 year = {2003}
}

