@incollection{fox2017futuregrid,
 author = {Fox, Geoffrey C and von Laszewski, Gregor and Diaz, Javier and Keahey, Kate and Fortes, Jose and Figueiredo, Renato and Smallen, Shava and Smith, Warren and Grimshaw, Andrew},
 booktitle = {Contemporary High Performance Computing},
 pages = {603--635},
 publisher = {Chapman and Hall/CRC},
 title = {Futuregrid: a Reconfigurable Testbed for Cloud, Hpc, and Grid Computing},
 year = {2017}
}

