@inproceedings{las17chameleon-teach,
 author = {Gregor von Laszewski and Geoffrey C. Fox},
 booktitle = {Chameleon Cloud User Meeting},
 optaddress = {},
 opteditor = {},
 optmonth = {},
 optnumber = {},
 optpages = {},
 optpublisher = {},
 optseries = {},
 optvolume = {},
 organization = {University of Chicago},
 title = {Automated sharded mongodb deployment and benchmarking for big data analysis},
 url = {https://github.com/cloudmesh/sp17-i524/raw/master/meeting/vonLaszewski-i524-mongodb.pdf},
 year = {2017}
}

