@inproceedings{las-14-multi-grid,
 author = {von Laszewski, Gregor and Fugang Wang and Hyungro Lee and Heng Chen and Fox, Geoffrey C.},
 booktitle = {Proceedings of the 2014 ACM international workshop on Software-defined ecosystems - BigSystem â€²14},
 doi = {10.1145/2609441.2609638},
 publisher = {ACM Press},
 title = {Accessing multiple clouds with cloudmesh},
 url = {https://d1wqtxts1xzle7.cloudfront.net/40240401/big09fp-laszewskiAFG.pdf?1448126851=&response-content-disposition=inline%3B+filename%3DAccessing_multiple_clouds_with_cloudmesh.pdf&Expires=1629383752&Signature=EQEUoBgnebrMLffqxODog0EJWbXwGFYlOYC3WkQmA-oRWUaRVhdV0UkLfqnTTur11Gvrvrh5sRNGNVcRDA63hUZqeCcIebqh11XvrMF2Sd7z4BccSCj8XB8bmN8ioy1BXbpsCEIw5es-7siImgjh7yClkAxMF4H2ARtvgq1cO5IntgG0oji7iit9pcOHGYGgcxgLcgDbRIKqBWKJU~zptx7zFevsoOHoFrizZcz~1xxDJb7L9Ww5YzWr3mqRLMwQipmiGt1ZHkrF7iIxEEtjg4sjAZXOEMVpITQ-z1VYP0zUBkb33izEuVSvQj~bIfOrAon3~NgscR2dMBTHdJx0jA__&Key-Pair-Id=APKAJLOHF5GGSLRBV4ZA},
 year = {2014}
}

