@misc{las-2022-arxiv-crypto,
 archiveprefix = {arXiv},
 author = {Jacques Fleischer and von Laszewski, Gregor and Carlos Theran and Yohn Jairo Parra Bautista},
 eprint = {2202.13874},
 primaryclass = {cs.LG},
 title = {Time Series Analysis of Blockchain-Based Cryptocurrency Price Changes},
 url = {https://arxiv.org/pdf/2202.13874},
 year = {2022}
}

