@inproceedings{las-15-impact-ncar,
 author = {G. von Laszewski and F. Wang and G. C. Fox and D. L. Hart and T. R. Furlani and R. L. DeLeon and S. M. Gallo},
 booktitle = {2015 IEEE International Conference on Cluster Computing},
 doi = {10.1109/CLUSTER.2015.98},
 issn = {1552-5244},
 keywords = {citation analysis, NCAR, scientific impact},
 month = {September},
 pages = {531-532},
 title = {Peer Comparison of XSEDE and NCAR Publication Data},
 year = {2015}
}

