@inproceedings{las-1997-nobugs,
 author = {von Laszewski, Gregor and Westbrook, Mary L. and Craig Barnes and Ian Foster},
 booktitle = {International Workshop on New Opportunities for Better User Group Software (NOBUGS)},
 comment = {link no longer avail.},
 month = {December},
 organization = {Argonne, IL},
 status = {tmp},
 title = {Supercomputing Data Analysis with an Example on the APS CATs},
 urlbroken = {http://www.aps.anl.gov/News/Conferences/1997/nobugs/vonL.html},
 year = {1997}
}

