@incollection{las03cmt-book,
 address = {New York},
 author = {von Laszewski, Gregor and Mei-Hui Su and Joseph
Insley and Ian Foster and Carl Kesselman},
 booktitle = {Quasi-Realtime Microtomography Experiments at
Photon Sources},
 editor = {Jack Dongara and Ian Foster and Geoffrey Fox and
Wiliam Gropp and Kenn Kennedy and Linda Torczon and
Andy White},
 isbn = {9781558608719},
 oldlabels = {las00handbook},
 pages = {258-265},
 publisher = {Morgan Kaufman Publishers},
 status = {final},
 title = {Sourcebook of Parallel Computing},
 url = {https://laszewski.github.io/papers/vonLaszewski-cmtscience.pdf},
 year = {2003}
}

