@inproceedings{las-15-tas,
 acmid = {2792766},
 address = {New York and NY and USA},
 articleno = {21},
 author = {DeLeon and Robert L. and Furlani and Thomas R. and Gallo and Steven M. and White and Joseph P. and Jones and Matthew D. and Patra and Abani and Innus and Martins and Yearke and Thomas and Palmer and Jeffrey T. and Sperhac and Jeanette M. and Rathsam and Ryan and Simakov and Nikolay and von Laszewski and Gregor and Wang and Fugang},
 booktitle = {Proceedings of the 2015 XSEDE Conference: Scientific Advancements Enabled by Enhanced Cyberinfrastructure},
 comment = {TODO},
 doi = {10.1145/2792745.2792766},
 isbn = {978-1-4503-3720-5},
 keywords = {HPC and SUPReMM and TAS and XDMoD and XSEDE usage and XSEDE users},
 location = {St. Louis and Missouri},
 numpages = {8},
 pages = {21:1--21:8},
 publisher = {ACM},
 series = {XSEDE '15},
 title = {TAS View of XSEDE Users and Usage},
 url = {http://doi.acm.org/10.1145/2792745.2792766},
 year = {2015}
}

