@inproceedings{las-03-masses,
 address = {Shanghai and China},
 author = {Kaizar Amin and von Laszewski, Gregor and Mikler, Armin R.},
 booktitle = {Grid and Cooperative Computing (GCC2003)},
 month = {December},
 pages = {464-473},
 title = {Grid Computing for the Masses: An Overview},
 url = {https://laszewski.github.io/papers/vonLaszewski-masses-gcc03.pdf},
 year = {2003}
}

