@inproceedings{las10ccgrid,
 acmid = {1845153},
 address = {Melbourne, Victoria, Australia},
 author = {Wang, Lizhe and von Laszewski, Gregor and Dayal, Jay and Wang, Fugang},
 booktitle = {Proceedings of the 10th IEEE/ACM International Conference on Cluster, Cloud and Grid Computing},
 day = {17-20~},
 doi = {10.1109/CCGRID.2010.19},
 isbn = {978-0-7695-4039-9},
 keywords = {Cluster Computing, Green Computing, Task Scheduling},
 month = {May},
 numpages = {10},
 pages = {368--377},
 publisher = {IEEE Computer Society, Washington, DC, USA},
 series = {CCGRID '10},
 title = {Towards Energy Aware Scheduling for Precedence Constrained Parallel Tasks in a Cluster with DVFS},
 url = {https://github.com/laszewski/papers/blob/master/vonLaszewski-10-ccgrid.pdf},
 year = {2010}
}

