@inproceedings{las10onserve,
 address = {San Diego, CA, USA},
 author = {Tobias Kurze and Lizhe Wang and von Laszewski,
Gregor and Jie Tao and Marcel Kunze},
 booktitle = {Proceedings of the 39th International Conference on
Parallel Processing (ICPP'10)},
 day = {13-16~},
 doi = {10.1109/ICPP.2010.47},
 month = {September},
 pages = {395-403},
 title = {Cyberaide onServe: Software as a Service on
Production Grids},
 url = {https://laszewski.github.io/vonLaszewski-icpp.pdf},
 year = {2010}
}

