@book{las-2018-software-1,
 address = {Bloomington, IN},
 editor = {Laszewski, Gregor},
 epub = {https://raw.githubusercontent.com/cloudmesh-project/sp17-i524/master/paper1/proceedings.epub},
 month = {December},
 publisher = {Online, Indiana University},
 series = {Online Books Digital Science Center},
 title = {Big Data Software 1 (Proceedings)},
 url = {https://raw.githubusercontent.com/cloudmesh-project/sp17-i524/master/paper1/proceedings.pdf},
 year = {2017}
}

