@article{DBLP:journals/jcp/WangTLM10,
 author = {Lizhe Wang and Jie Tao and Gregor von Laszewski and Holger Marten},
 bibsource = {DBLP, http://dblp.uni-trier.de},
 doi = {10.4304/jcp.5.6.958-964},
 journal = {JCP},
 number = {6},
 pages = {958-964},
 title = {Multicores in Cloud Computing: Research Challenges for Applications},
 url = {https://github.com/laszewski/papers/blob/master/vonLaszewski-09-jcp2.pdf},
 volume = {5},
 year = {2010}
}

