@techreport{madhav23-ripples,
 address = {Charlottesville, VA, USA},
 author = {Marco Minutoli and Reece Neff and Naw Sattar and Hao Lu and John Feo and Henning Mortveit and Anil Vullikanti and Dawen Xie and Amanda Wilson and Gregor von Laszewski and Parantapa Bhattacharya and Ananth Kalyanaraman and Michela Becchi and Madhav Marathe and Mahantesh Halappanavar},
 institution = {University of Virginia},
 month = {November},
 title = {Ripples: Exascale-Enabled Influence Maximization on Massive Social Networks with Implications to Pandemic Planning},
 year = {2023}
}

