@article{las-07-ogce,
 author = {Alameda, Jay and Christie, Marcus and Fox, Geoffrey and Futrelle, Joe and Gannon, Dennis and Hategan, Mihael and , swamy and Gopi, von Laszewski, Gregor and Nacar, Mehmet A. and Pierce, Marlon and Roberts, Eric and Severance , Charles and Thomas, Mary},
 comment = {TODO},
 doi = {10.1002/cpe.1078},
 issn = {1532-0634},
 journal = {Concurrency and Computation: Practice and Experience},
 key = {alameda2007ogc},
 keywords = {portlets and collaboration and Grid services},
 number = {6},
 oldlabel = {alameda2007ogc},
 pages = {921--942},
 publisher = {John Wiley and Sons and Ltd.},
 status = {final},
 timestamp = {2008.11.05},
 title = {The Open Grid Computing Environments collaboration: portlets and services for science gateways},
 url = {https://deepblue.lib.umich.edu/bitstream/handle/2027.42/56029/1078_ftp.pdf},
 volume = {19},
 year = {2007}
}

