@article{las99ieee,
 author = {Ian Foster and Joeseph Insley and von Laszewski, Gregor and Carl Kesselman and Marcus Thiebaux},
 doi = {10.1109/2.809249},
 issn = {0018-9162},
 journal = {IEEE Computer},
 month = {December},
 number = {12},
 pages = {36-43},
 title = {Distance Visualization: Data Exploration on the Grid},
 url = {http://www.startap.net/startap/images/PDF/Foster_IEEEComputer.pdf},
 volume = {32},
 year = {1999}
}

