@article{las01cmt,
 annote = {Received 14 November 2000; accepted for publication 23 January 2001},
 author = {Yuxin Wang and Fransesco De Carlo and Derrick Mancini and Ian McNulty and Brian Tieman and John Bresnahan and Ian Foster and Joseph Insley and Peter Lane and von Laszewski, Gregor and Carl Kesselman and Mei-Hui Su and Marcus Thiebaux},
 doi = {10.1063/1.1355270},
 journal = {Review of Scientific Instruments},
 label = {YDeD01},
 month = {April},
 number = {4},
 pages = {2062-2068},
 title = {A High-Throughput X-Ray Microtomography System at the Advanced Photon Source},
 url = {https://github.com/laszewski/papers/blob/master/vonlaszewski-RSI01.pdf},
 volume = {72},
 year = {2001}
}

