@incollection{amin2004,
 author = {Kaizar Amin and von Laszewski, Gregor },
 booktitle = {Distributed Computing - IWDC 2004},
 comment = {TODO},
 doi = {10.1007/978-3-540-30536-1_69},
 pages = {543--543},
 publisher = {Springer Berlin Heidelberg},
 title = {High-Level Grid Execution Patterns},
 url = {https://doi.org/10.1007/978-3-540-30536-1_69},
 year = {2004}
}

