@inproceedings{las-2016-virtcluster,
 address = {Miami, FL, USA},
 author = {Wagner, Rick and Papadopoulos, Philip and Mishin, Dmitry and Cooper, Trevor and Tatineti, Mahidhar and von Laszewski, Gregor and Wang, Fugang and Fox, Geoffrey C.},
 booktitle = {Proceedings of the XSEDE16 Conference on Diversity, Big Data, and Science at Scale},
 comment = {TODO},
 doi = {10.1145/2949550.2949555},
 isbn = {978-1-4503-4755-6},
 month = {July},
 pages = {24:1--24:8},
 publisher = {ACM, New York, NY},
 title = {User Managed Virtual Clusters in Comet},
 url = {https://dl.acm.org/doi/pdf/10.1145/2949550.2949555},
 year = {2016}
}

