@inproceedings{las-17-teaching,
 author = {von Laszewski, Gergor and Fox, Geoffrey C.},
 booktitle = {https://laszewski.github.io/papers/vonLaszewski-i524-chameleon.pdf},
 comment = {TODO},
 month = {July},
 number = {Chameleon Cloud User Meeting},
 organization = {University of Chicago},
 title = {Teaching Big Data and Open Source Software on Chameleon Cloud},
 year = {2017}
}

