@techreport{las20book-cloudeng,
 address = {Bloomington IN, U.S.A.},
 author = {von Laszewski, Gregor},
 comment = {TODO},
 institution = {Indiana University},
 month = {February},
 title = {Cloud Computing},
 type = {Online Book},
 url = {https://laszewski.github.io/book/cloud/},
 year = {2020}
}

