@inproceedings{las-13-gpu,
 author = {Li, Hui and Fox, Geoffrey and von Laszewski , Gregor and Chauhan, Arun},
 booktitle = {2013 IEEE International Conference on Cluster Computing (CLUSTER)},
 doi = {10.1109/CLUSTER.2013.6702632},
 pages = {1-10},
 title = {Co-processing SPMD computation on CPUs and GPUs cluster},
 url = {https://www.researchgate.net/profile/Geoffrey-Fox-2/publication/261430622_Co-processing_SPMD_computation_on_CPUs_and_GPUs_cluster/links/5899b348a6fdcc32dbde9c03/Co-processing-SPMD-computation-on-CPUs-and-GPUs-cluster.pdf},
 year = {2013}
}

