@inproceedings{las2011virt,
 address = {Washington, DC},
 author = {Andrew J. Younge and Robert Henschel and James
T. Brown and Gregor von Laszewski and Judy Qiu and
Geoffrey C. Fox},
 booktitle = {Proceedings of the 4th International Conference on
Cloud Computing (CLOUD 2011)},
 doi = {10.1109/CLOUD.2011.29},
 month = {July},
 otherlabel = {Younge2011cloud},
 pages = {9-16},
 publisher = {IEEE},
 title = {Analysis of Virtualization Technologies for High
Performance Computing Environments},
 url = {https://laszewski.github.io/papers/10-fg-hypervisor.pdf},
 year = {2011}
}

