@article{las-1998-telemedicine,
 author = {Ian Foster and Gregor von Laszewski and George K Thiruvathukal and Brian Toonen},
 comment = {TODO},
 doi = {https://doi.org/10.1016/S0167-739X(98)00013-2},
 issn = {0167-739X},
 journal = {Future Generation Computer Systems},
 keywords = {Globus toolkit and Telemedicine and Metacomputing},
 note = {The Telemedical Information Society},
 number = {1},
 pages = {109-123},
 title = {A Computational Framework for Telemedicine},
 url = {https://www.sciencedirect.com/science/article/pii/S0167739X98000132},
 volume = {14},
 year = {1998}
}

