@misc{last10dynamic,
 author = {von Laszewski, Gregor and Geoffrey C. Fox and von
Laszewski, Gregor and Geoffrey C. Fox and FutureGrid
Team},
 day = {1},
 file = {vonLaszewski-10-FG-proj-management.pdf:http\://grids.ucs.indiana.edu/ptliupages/presentations/vonLaszewski-10-FG-proj-management.pdf:PDF},
 howpublished = {2nd IEEE International Conference on Cloud Computing
Technology and Science (CloudCom2010), Indianapolis,
IN},
 month = {December},
 title = {Dynamic Provisioned Experiments in FutureGrid},
 url = {http://grids.ucs.indiana.edu/ptliupages/presentations/vonLaszewski-10-FG-proj-management.pdf},
 year = {2010}
}

