@techreport{von1993parallelization,
 author = {Von Laszewski and Gregor},
 institution = {Technical Report SCCS 533 and Northeast Parallel Architectures Center at Syracuse University},
 title = {The Parallelization of a Weather Prediction Model},
 url = {https://laszewski.github.io/papers/sccs-0533.pdf},
 urlother = {http://www.new-npac.org/users/fox/pdftotal/sccs-0533.pdf},
 year = {1993}
}

