@misc{las-2023-overview-cloudmask,
 archiveprefix = {arXiv},
 author = {Gregor von Laszewski and Ruochen Gu},
 eprint = {2312.04799},
 primaryclass = {cs.DC},
 title = {An Overview of MLCommons Cloud Mask Benchmark: Related Research and Data},
 url = {https://arxiv.org/abs/2312.04799},
 year = {2023}
}

