@incollection{las11greenchapter,
 author = {Younge, A. J. and von Laszewski, Gregor and Wang,
L. and Fox, G. C.},
 booktitle = {The Handbook of Energy-Aware Green Computing},
 chapter = {17},
 editor = {Ahmad, I. and Ranka, Sanjay},
 isbn = {978-1-4665-0116-4},
 otherkeys = {las11greenitcloud},
 publisher = {Chapman and Hall/CRC Press},
 title = {Providing a Green Framework for Cloud Based Data
Centers},
 url = {https://laszewski.github.io/papers/11-greenit-bookch.pdf},
 year = {2011}
}

