@techreport{las-2005-developing,
 author = {Puryear, Eric and Angulo, David and Drew, Kevin and Schilling, Alex and von Laszewski, Gregor},
 institution = {DePaul University CTI Tech Report},
 pages = {1--7},
 title = {Developing a Distributed and Scalable Foundation for Mass Spectrometry Data},
 url = {https://laszewski.github.io/papers/puryear-TR05-004.pdf},
 year = {2005}
}

