@article{las01cog-concurency,
 author = {von Laszewski, Gregor and Ian Foster and Jarek Gawor and Peter Lane},
 doi = {10.1002/cpe.572},
 issn = {1532-0634},
 journal = {Concurrency and Computation: Practice and Experience},
 keywords = {Commodity Grid Toolkits, Java CoG Kit, Computational Grid},
 number = {8-9},
 pages = {645--662},
 publisher = {John Wiley and Sons, Ltd.},
 title = {A Java Commodity Grid Kit},
 url = {https://github.com/laszewski/papers/blob/master/vonLaszewski-cog-cpe-final.pdf},
 volume = {13},
 year = {2001}
}

