@inproceedings{las13xdmod,
 acmid = {2484763},
 address = {New York, NY, USA},
 articleno = {46},
 author = {Furlani, Thomas R. and Schneider, Barry L. and Jones, Matthew D. and Towns, John and Hart, David L. and Gallo, Steven M. and DeLeon, Robert L. and Lu, Charng-Da and Ghadersohi, Amin and Gentner, Ryan J. and Patra, Abani K. and von Laszewski, Gregor and Wang, Fugang and Palmer, Jeffrey T. and Simakov, Nikolay},
 booktitle = {Proceedings of the Conference on Extreme Science and Engineering Discovery Environment: Gateway to Discovery},
 doi = {10.1145/2484762.2484763},
 isbn = {978-1-4503-2170-9},
 keywords = {Scientific IMpact, XSEDE, XDMoD},
 location = {San Diego, California},
 numpages = {8},
 pages = {46:1--46:8},
 publisher = {ACM},
 series = {XSEDE '13},
 title = {Using XDMoD to Facilitate XSEDE Operations, Planning and Analysis},
 year = {2013}
}

