@techreport{las-2012-fg-1471,
 address = {Argonne},
 author = {Frederic Desprez and Fox, Geoffrey and Emmanuel Jeannot, Kate Keahey and Michael Kozuch and David Margery and Pierre Neyron and Lucas Nussbaum and Christian Perez and Olivier Richard and Warren Smith and von Laszewski, Gregor and Jens Voeckler},
 institution = {Argonne National Laboratory},
 issn = {Technical Memo 326},
 month = {March},
 title = {Supporting Experimental Computer Science},
 type = {Report},
 url = {https://laszewski.github.io/papers/Supporting_Experimental_Computer_Science_final_draft.pdf},
 year = {2012}
}

