@techreport{las-2020-book-bigdata-534,
 address = {Bloomington IN, U.S.A.},
 author = {Fox, G. C. and von Laszewski, Gregor},
 comment = {TODO: jsut notes for class, do not include},
 institution = {Indiana University},
 month = {February},
 title = {Big Data Applications and Analytics -- 534},
 type = {Lecture Notes},
 url = {https://cloudmesh-community.github.io/pub/vonLaszewski-e534.pdf},
 year = {2020}
}

