@book{las-2018-usecase-vol-1,
 address = {Bloomington, IN},
 editor = {Laszewski, Gregor},
 epub = {https://cyberaide.org/papers/vonLaszewski-i523-v1.epub},
 month = {December},
 publisher = {Online, Indiana University},
 series = {Online Books Digital Science Center},
 title = {Use Cases in Big Software and Analytics (Proceedings)},
 url = {https://cyberaide.org/papers/vonLaszewski-i523-v1.pdf},
 volume = {1},
 year = {2017}
}

