@inproceedings{las-18-impact,
 author = {Wang and Fugang and Laszewski and Gregor von and Whitson and Timothy and Fox and Geoffrey C and Furlani and Thomas R and DeLeon and Robert L and Gallo and Steven M},
 booktitle = {Proceedings of the Practice and Experience on Advanced Research Computing},
 comment = {TODO},
 doi = {10.1145/3219104.3219124},
 organization = {ACM},
 pages = {10},
 title = {Evaluating the Scientific Impact of XSEDE},
 url = {http://doi.acm.org/10.1145/3219104.3219124},
 year = {2018}
}

