@techreport{puryearenhanced,
 author = {Puryear and Eric and Angulo and David and Drew and Kevin and von Laszewski and Gregor and Schilling and Alex},
 institution = {DePaul University},
 optcomment = {no PDF},
 title = {The Enhanced Mass Spectrometry I/O Project},
 url = {https://docsbay.net/the-enhanced-mass-spectrometry-i-o-project},
 year = {2006}
}

