@inproceedings{las-03-reputation,
 address = {New Orleans and Louisiana},
 author = {Beulah Alunkal and Ivana Veljkovic and von Laszewski and Gregor and Kaizar Amin},
 booktitle = {Workshop on Adaptive Grid Middleware},
 day = {27~},
 institution = {Argonne National Laboratory},
 month = {September},
 organization = {AGridM 2003},
 title = {Reputation-based Grid Resource Selection},
 type = {Argonne Preprint},
 url = {https://laszewski.github.io/papers/vonLaszewski-reputation.pdf},
 year = {2003}
}

