@inproceedings{9582208,
 author = {Kamburugamuve, Supun and Widanage, Chathura and Perera, Niranda and Abeykoon, Vibhatha and Uyar, Ahmet and Kanewala, Thejaka Amila and Von Laszewski, Gregor and Fox, Geoffrey},
 booktitle = {2021 IEEE 14th International Conference on Cloud Computing (CLOUD)},
 doi = {10.1109/CLOUD53861.2021.00036},
 pages = {228-239},
 title = {HPTMT: Operator-Based Architecture for Scalable High-Performance Data-Intensive Frameworks},
 year = {2021}
}

