@inproceedings{last-10-dynamic,
 address = {Indianapolis, IN},
 author = {von Laszewski, Gregor and Fox, Geoffrey C. Fox and FutureGrid Team},
 booktitle = {2nd IEEE International Conference on Cloud Computing Technology and Science (CloudCom2010)},
 day = {1},
 month = {December},
 title = {Dynamic Provisioned Experiments in FutureGrid},
 url = {https://laszewski.github.io/papers/vonLaszewski-10-FG-proj-management.pdf},
 year = {2010}
}

