@inproceedings{las-00-moba,
 address = {Munich and Germany},
 author = {von Laszewski and Gregor and Kazuyuki Shudo and Yoichi Muraoka},
 booktitle = {Proceedings of EuroPar 2000},
 day = {29~aug ~-~1~ sep},
 doi = {10.1007/3-540-44520-X_3},
 editor = {Arndt Bode and Thomas Ludwig and Wolfgang Karl and Roland Wism√ºller},
 month = {August},
 note = {\em (Invited Talk)},
 otherurl = {https://link.springer.com/content/pdf/10.1007/3-540-44520-X_3.pdf},
 pages = {22-34},
 publisher = {Springer},
 series = {Lecture Notes in Computer Science},
 status = {final},
 title = {Grid-based Asynchronous Migration of Execution Context in Java Virtual Machines},
 url = {https://laszewski.github.io/papers/las-00-moba.pdf},
 volume = {1900},
 year = {2000}
}

