@inproceedings{las-10-gce,
 address = {New Orleans and LA},
 author = {von Laszewski, Gregor and Fox, Geoffrey C. and Fugang Wang and Younge, Andrew J. and Archit Kulshrestha, Pike, Gregory G. and Warren Smith and Jens Voeckler and Figueiredo, Renato J. and Jose Fortes and Kate Keahey and Ewa Deelman},
 booktitle = {Proceedings of Gateway Computing Environments 2010 (GCE2010) at SC10},
 comment = {TODO},
 doi = {10.1109/GCE.2010.5676126},
 month = {November},
 publisher = {IEEE},
 title = {Design of the FutureGrid Experiment Management Framework},
 year = {2010}
}

