@inproceedings{las03qos,
 address = {Shanghai, China},
 anote = {ISBN: 3-540-21993-5},
 author = {Rashid Al-Ali and Kaizar Amin and von Laszewski, Gregor and Omer Rana and David Walker},
 booktitle = {Proceedings of the Second International Workshop on Grid and Cooperative Computing (GCC2003)},
 day = {7-10~},
 doi = {10.1007/978-3-540-24680-0_88},
 editor = {Li, Minglu and Sun, Xian-He and Deng, Qianni and Ni, Jun},
 isbn = {978-3-540-21993-4},
 month = {December},
 number = {3003},
 pages = {529-540},
 publisher = {Springer Berlin / Heidelberg},
 series = {Lecture Notes on Computer Science},
 title = {An OGSA-based Quality of Service Framework},
 url = {https://laszewski.github.io/papers//vonLaszewski-qos.pdf},
 year = {2004}
}

