@book{las-2018-usecase-vol-3,
 address = {Bloomington, IN},
 editor = {Laszewski, Gregor},
 epub = {https://cyberaide.org/papers/vonLaszewski-i523-v3.epub},
 month = {January},
 publisher = {Online, Indiana University},
 series = {Online Books Digital Science Center},
 title = {Use Cases in Big Data Software and Analytics (Proceedings)},
 url = {https://cyberaide.org/papers/vonLaszewski-i523-v3.pdf},
 volume = {3},
 year = {2018}
}

