@inproceedings{las02activetable,
 acmid = {652663},
 address = {Baltimore, MD},
 author = {Laszewski, Gregor von and Ruscic, Branko and
Wagstrom, Patrick and Krishnan, Sriram and Amin,
Kaizar and Nijsure, Sandeep and Bittner, Sandra and
Pinzon, Reinhardt and Hewson, John C. and Morton,
Melita L. and Minkoff, Mike and Wagner, Al},
 booktitle = {Third International Workshop on Grid Computing (GRID
'02)},
 day = {18},
 isbn = {3-540-00133-6},
 month = {November},
 note = {http://dl.acm.org/citation.cfm?id=645442.652663},
 pages = {25-38},
 publisher = {Springer-Verlag, London, UK, UK},
 series = {Lecture Notes in Computer Science},
 title = {A Grid Service Based Active Thermochemical Table
Framework},
 url = {https://laszewski.github.io/papers/vonLaszewski-cmcs.pdf},
 volume = {2536},
 year = {2002}
}

