@misc{las-2023-poster-cylon-ornl,
 author = {Arup Sakar and Niranda Perera and von Laszewski, Gregor and Mills Staylor and Fox, Geoffrey C},
 howpublished = {2023 OLCF User Meeting, Oak Ridge National Laboratory},
 month = {October},
 title = {AI for Science and Engineering},
 url = {https://github.com/cyberaide/poster-summit-cylon/blob/main/vonLaszewski-heterogeneous-data-pipeline-2.pdf},
 year = {2023}
}

