@inproceedings{las-2005-ad-hoc-sec,
 author = {Amin, K. and von Laszewski, G. and Sosonkin, M. and Mikler, A.R. and Hategan, M.},
 booktitle = {The 6th IEEE/ACM International Workshop on Grid Computing},
 comment = {TODO},
 doi = {10.1109/GRID.2005.1542726},
 pages = {8},
 title = {Ad hoc grid security infrastructure},
 url = {https://citeseerx.ist.psu.edu/viewdoc/download?doi=10.1.1.379.7879&rep=rep1&type=pdf},
 year = {2005}
}

