@techreport{beckstein2018contributions,
 author = {Beckstein, Oliver and Fox, Geoffrey and Qiu, Judy and Crandall, David and von Laszewski, Gregor and Paden, John and Jha, Shantenu and Wang, Fusheng and Marathe, Madhav and Vullikanti, Anil and others},
 institution = {Technical report, Digital Science Center},
 title = {Contributions to High-Performance big data computing},
 year = {2018}
}

