@unpublished{las-08-gridshell,
 author = {von Laszewski, Gregor and Andrew Younge and Fugang Wang and Xi He},
 comment = {TODO},
 note = {Draft},
 title = {Cyberaide Shell: Interactive Task Management for Grids and Cyberinfrastructure},
 year = {2009}
}

