@misc{scidacposter-portal,
 author = {Thomas, M. P. and J. Burruss, L. Cinquini and G. C. Fox and D. Gannon and L. Gilbert and G. von Laszewski and K. Jackson and D. Middleton and R. Moore and et al.},
 day = {26},
 howpublished = {DOI SciDAC Meeting 2005 (Poster), San Francisco},
 month = {June},
 owner = {neu},
 timestamp = {2013.12.23},
 title = {Grid Portal Architectures for Scientific Applications},
 url = {http://www.csm.ornl.gov/workshops/SciDAC2005/},
 year = {2005}
}

