@techreport{von1993collection,
 author = {von Laszewski and Gregor},
 institution = {Citeseer},
 otherurl = {https://citeseerx.ist.psu.edu/viewdoc/download?doi=10.1.1.45.1084&rep=rep1&type=pdf},
 title = {A collection of graph partitioning algorithms},
 url = {https://laszewski.github.io/papers/sccs-0477.pdf},
 year = {1993}
}

