@inproceedings{las-2014-multi-grid,
 author = {von Laszewski, Gregor and Fugang Wang and Hyungro Lee and Heng Chen and Fox, Geoffrey C.},
 booktitle = {Proceedings of the 2014 ACM international workshop on Software-defined ecosystems - BigSystem â€²14},
 doi = {10.1145/2609441.2609638},
 publisher = {ACM Press},
 title = {Accessing multiple clouds with cloudmesh},
 url = {https://laszewski.github.io/papers/las-2014-multi-grid.pdf},
 year = {2014}
}

