@book{las-2018-projects-1,
 address = {Bloomington, IN},
 editor = {Laszewski, Gregor},
 epub = {https://raw.githubusercontent.com/cloudmesh-project/sp17-i524/master/project/projects.epub},
 month = {May},
 publisher = {Online, Indiana University},
 series = {Online Books Digital Science Center},
 title = {Projects in Big Data Software and Applications (Proceedings)},
 url = {https://raw.githubusercontent.com/cloudmesh-project/sp17-i524/master/project/projects.pdf},
 year = {2017}
}

