@inproceedings{las-13-xdmod,
 acmid = {2484763},
 address = {New York and NY and USA},
 articleno = {46},
 author = {Furlani, Thomas R., Schneider, Barry L. and Jones, Matthew D. and Towns, John and Hart, David L. and Gallo, Steven M. and DeLeon, Robert L. and Lu, Charng-Da and Ghadersohi, Amin and Gentner, Ryan J. and Patra, Abani K. and von Laszewski, Gregor and Wang, Fugang and Palmer and Jeffrey T. and Simakov and Nikolay},
 booktitle = {Proceedings of the Conference on Extreme Science and Engineering Discovery Environment: Gateway to Discovery},
 comment = {TODO},
 doi = {10.1145/2484762.2484763},
 isbn = {978-1-4503-2170-9},
 keywords = {Scientific IMpact and XSEDE and XDMoD},
 location = {San Diego and California},
 numpages = {8},
 pages = {46:1--46:8},
 publisher = {ACM},
 series = {XSEDE '13},
 title = {Using XDMoD to Facilitate XSEDE Operations and Planning and Analysis},
 url = {https://dl.acm.org/doi/pdf/10.1145/2484762.2484763},
 year = {2013}
}

