@inproceedings{las90ppsn,
 address = {Dortmund, Germany},
 author = {von Laszewski, Gregor and Mühlenbein, Heinz},
 booktitle = {1st International Workshop on Parallel Problem
Solving from Nature},
 doi = {10.1007/BFb0029748},
 editor = {Schwefel, Hans-Paul and Männer, Reinhard},
 isbn = {978-3-540-54148-6},
 month = {October},
 note = {1-3 Oct 1990},
 pages = {165-169},
 publisher = {Springer Berlin / Heidelberg},
 series = {Lecture Notes in Computer Science},
 title = {Partitioning a graph with a parallel genetic
algorithm},
 url = {https://laszewski.github.io/papers/vonLaszewski-ppsn.pdf},
 volume = {496},
 year = {1991}
}

