@inproceedings{las2015xsede,
 author = {von Laszewski, Gregor and Fugang Wang and Geoffrey C. Fox and David L. Hart and Thomas R. Furlani and Robert L. DeLeon and Steven M. Gallo},
 booktitle = {XSEDE 2015},
 owner = {big},
 publisher = {submitted to XSEDE 2015 as Poster},
 timestamp = {2015.05.06},
 title = {Peer Comparison of XSEDE Publication Data},
 url = {https://github.com/cyberaide/paper-tas-2/blob/master/vonLaszewski-tas-xsede.pdf},
 year = {2015}
}

