@misc{las-18-handbook,
 author = {von Laszewski, Gregor and Fox, Geoffrey C.},
 comment = {TODO},
 featured = {true},
 month = {December},
 publisher = {https://laszewski.github.io/papers/vonLaszewski-bigdata.pdf},
 title = {Handbook of Clouds and Big Data},
 year = {2018}
}

