@techreport{las-2019-proc-516,
 address = {Bloomington IN, U.S.A.},
 author = {von Laszewski, Gregor},
 broken = {https://cloudmesh-community.github.io/pub/vonLaszewski-e516-fa19-proceedings.pdf},
 comment = {TODO},
 epub = {https://cloudmesh-community.github.io/pub/vonLaszewski-e516-fa19-proceedings.epub},
 institution = {Indiana University},
 month = {December},
 title = {Proceedings of Cloud Computing Engineering (2019)},
 type = {Lecture Notes},
 url = {http://dsc.soic.indiana.edu/publications/E516-CloudComputingProceedings.pdf},
 year = {2019}
}

