@inproceedings{las-22-mlcommons,
 address = {Cham},
 author = {Thiyagalingam, Jeyan and von Laszewski, Gregor and Yin, Junqi and Emani, Murali and Papay, Juri and Barrett, Gregg and Luszczek, Piotr and Tsaris, Aristeidis and Kirkpatrick, Christine and Wang, Feiyi and Gibbs, Tom and Vishwanath, Venkatram and Shankar, Mallikarjun and Fox, Geoffrey and Hey, Tony},
 booktitle = {High Performance Computing. ISC High Performance 2022 International Workshops},
 editor = {Anzt, Hartwig and Bienz, Amanda and Luszczek, Piotr and Baboulin, Marc},
 isbn = {978-3-031-23220-6},
 pages = {47--64},
 publisher = {Springer International Publishing},
 title = {AI Benchmarking for Science: Efforts from the MLCommons Science Working Group},
 url = {https://github.com/cyberaide/paper-mlcommons-science/blob/main/vonLaszewski-mlcommons-paper.pdf},
 year = {2022}
}

