@inproceedings{las98hpdc,
 address = {Chicago, IL},
 author = {Paul Stelling and Ian Foster and Carl Kesselman and Craig Lee and von Laszewski, Gregor},
 booktitle = {Proceedings of the 7th IEEE International Symposium on High Performance Distributed Computing},
 day = {28-31},
 doi = {10.1109/HPDC.1998.709981},
 issn = {1082-8907},
 month = {July},
 pages = {268-278},
 title = {A Fault Detection Service for Wide Area Distributed Computations},
 url = {https://github.com/laszewski/papers/blob/master/vonLaszewski-hbm-hpdc.pdf},
 year = {1998}
}

