@misc{scidacPoster-cogkit,
 author = {Gregor von Laszewski and Keith Jackson},
 day = {22-24},
 file = {http://www.csm.ornl.gov/workshops/DOE_SciDAC/CoG-Poster-long.ppt},
 howpublished = {DOI SciDAC PI Meeting (Poster), Charleston, SC},
 month = {March},
 owner = {neu},
 timestamp = {2013.12.23},
 title = {Commodity Grid Kits},
 url = {http://www.csm.ornl.gov/workshops/DOE_SciDAC/posters.html},
 year = {2004}
}

