@inproceedings{las-2009-fpga,
 author = {Espenshade, Jeremy and Lukowiak, Marcin and Shaaban Muhammad and von Laszewski, Gregor},
 booktitle = {2009 International Conference on Field-Programmable Technology},
 comment = {TODO},
 doi = {10.1109/FPT.2009.5377649},
 pages = {465-471},
 title = {Flexible framework for commodity FPGA cluster computing},
 url = {https://laszewski.github.io/papers/las-2009-fpga.pdf},
 year = {2009}
}

