@inproceedings{las-2001-greedy,
 acmid = {662793},
 address = {San Francisco, CA, USA},
 author = {Vazhkudai, Sudharshan and von Laszewski, Gregor},
 booktitle = {Proceedings of the 15th International Parallel and Distributed Processing Symposium and International Workshop on Internet Computing and E-Commerce (ICEC'01)},
 day = {27~},
 doi = {10.1109/IPDPS.2001.925170},
 isbn = {0-7695-0990-8},
 month = {April},
 note = {http://dl.acm.org/citation.cfm?id=645609.662793},
 pages = {1806-1815},
 publisher = {IEEE Computer Society, Washington, DC, USA},
 series = {IPDPS '01},
 status = {final},
 title = {A Greedy Grid - The Grid Economic Engine Directive},
 url = {https://laszewski.github.io/papers/vonLaszewski-greed.pdf},
 urlother = {https://doi.ieeecomputersociety.org/10.1109/IPDPS.2001.925170},
 year = {2001}
}

