@article{krishnan2002gsfl,
 author = {Krishnan and Sriram and Wagstrom and Patrick and Von Laszewski and Gregor},
 comment = {TODO},
 journal = {Preprint ANL/MCS-P980-0802 and Argonne National Laboratory},
 pages = {25--31},
 title = {GSFL: A workflow framework for grid services},
 url = {http://users.sdsc.edu/~sriram/publications/gsfl.pdf},
 volume = {9700},
 year = {2002}
}

