@techreport{bohnindiana,
 author = {Bohn, Natiele and Lewis, Oliver and von Laszewski, Gregor and Wang, Fugang},
 comment = {TODO},
 title = {Cludmesh Resource Reservation},
 url = {http://grids.ucs.indiana.edu/ptliupages/publications/poster-reservation.pdf}
}

