@inproceedings{las-08-project,
 address = {Austin and TX},
 author = {von Laszewski and Gregor and Leor E. Dilmanian},
 booktitle = {Grid Computing Environments Workshop and GCE'08},
 brokenurl = {https://laszewski.github.io/papers/vonLaszewski-08-project-ieee.pdf},
 comment = {TODO},
 day = {16},
 doi = {10.1109/GCE.2008.4738449},
 month = {November},
 publisher = {IEEE},
 title = {e-Science Project and Experiment Management with Microsoft Project},
 url = {http://citeseerx.ist.psu.edu/viewdoc/download?doi=10.1.1.664.1008&rep=rep1&type=pdf},
 year = {2008}
}

