@inproceedings{las91icga,
 address = {San Diego, CA},
 author = {von Laszewski, Gregor},
 booktitle = {Proceedings of the 4th International Conference on
Genetic Algorithms},
 day = {14-17~},
 isbn = {1-55860-208-9},
 month = {July},
 note = {(Plenary presentation)},
 pages = {45-52},
 publisher = {Morgan Kaufman},
 title = {Intelligent Structural Operators for the k-way
Graph Partitioning Problem},
 url = {https://laszewski.github.io/papers/vonLaszewski-icga.pdf},
 year = {1991}
}

