@article{las-2022-hptmt-frontiers,
 author = {Abeykoon, Vibhatha and Kamburugamuve, Supun and Widanage, Chathura and Perera, Niranda and Uyar, Ahmet and Kanewala, Thejaka Amila and von Laszewski, Gregor and Fox, Geoffrey},
 doi = {10.3389/fdata.2021.756041},
 issn = {2624-909X},
 journal = {Frontiers in Big Data},
 title = {HPTMT Parallel Operators for High Performance Data Science and Data Engineering},
 url = {https://www.frontiersin.org/articles/10.3389/fdata.2021.756041},
 volume = {4},
 year = {2022}
}

