@misc{las-2020-github-cloudmesh-community,
 author = {von Laszewski, Gregor},
 comment = {TODO},
 howpublished = {GitHub},
 month = {February},
 title = {Cloudmesh Community},
 url = {https://github.com/cloudmesh-community},
 year = {2020}
}

