@inbook{las-18-contributions,
 author = {Fox and Geoffrey and Qiu and Judy and Crandall and David and Von Laszewski and Gregor and Beckstein and Oliver and Paden and John and Paraskevakos and Ioannis and Jha and Shantenu and Wang and Fusheng and Marathe and Madhav and others},
 booktitle = {Future Trends of HPC in a Disruptive Scenario},
 chapter = {Contributions to High-Performance Big Data Computing},
 doi = {10.3233/APC190005},
 institution = {Technical report and Digital Science Center},
 issn = {0927-5452},
 pages = {34--81},
 publisher = {IOS Press},
 title = {Advances in Parallel Computing, Future Trends of HPC in a Disruptive Scenario},
 url = {https://laszewski.github.io/papers/bigdatahpc.pdf},
 volume = {34},
 year = {2019}
}

