@inproceedings{las-07-torrent,
 author = {Ali Kaplan and Geoffrey C. Fox and von Laszewski, Gregor},
 booktitle = {International Workshop on Grid Computing Environments 2007 in Conjunction with SC07},
 comment = {TODO},
 owner = {neu},
 timestamp = {2013.12.18},
 title = {GridTorrent Framework: A High-performance Data Transfer and Data Sharing Framework for Scientific Computing},
 url = {https://scholarworks.rit.edu/cgi/viewcontent.cgi?article=1791&context=other},
 year = {2007}
}

