@techreport{las-2020-pi,
 address = {Bloomington IN, U.S.A.},
 author = {Fox, G. C. and von Laszewski, Gregor},
 comment = {TODO: jsut notes for class, do not include},
 institution = {Indiana University},
 month = {February},
 title = {Cloud Clusters with Raspberry Pi's},
 type = {Lecture Notes},
 url = {https://cloudmesh-community.github.io/pub/vonLaszewski-pi.pdf},
 year = {2020}
}

