@inproceedings{las-2011-virt,
 address = {Washington, DC},
 author = {Andrew J. Younge and Robert Henschel and Brown, James T. and von Laszewski, Gregor and Judy Qiu and Fox, Geoffrey C.},
 booktitle = {Proceedings of the 4th International Conference on Cloud Computing (CLOUD 2011)},
 doi = {10.1109/CLOUD.2011.29},
 month = {July},
 otherlabel = {Younge2011cloud},
 pages = {9-16},
 publisher = {IEEE},
 title = {Analysis of Virtualization Technologies for High Performance Computing Environments},
 url = {https://laszewski.github.io/papers/10-fg-hypervisor.pdf},
 year = {2011}
}

