@inproceedings{las2015cluster,
 author = {von Laszewski, Gregor and Fugang Wang and Geoffrey C. Fox and David L. Hart and Thomas R. Furlani and Robert L. DeLeon and Steven M. Gallo},
 booktitle = {Cluster Computing 2015},
 owner = {big},
 publisher = {submitted to Cluster 2015 as Poster},
 timestamp = {2015.05.06},
 title = {Peer Comparison of Cluster Resource Provider Publication Data},
 url = {https://laszewski.github.io/papers/vonLaszewski-tas-cluster.pdf},
 year = {2015}
}

