@inproceedings{las-00-mdsml,
 author = {von Laszewski, Gregor and Lane, Peter},
 booktitle = {Proposal Draft and Grid Forum},
 title = {Mdsml: An xml binding to the grid object specificaction},
 year = {2000}
}

