@inproceedings{imagemanagement,
 address = {Honolulu},
 author = {Javier Diaz and Gregor von Laszewski and Fugang Wang and Geoffrey C. Fox},
 booktitle = {IEEE Cloud 2012},
 doi = {10.1109/CLOUD.2012.94},
 month = {June},
 title = {Abstract Image Management and Universal Image Registration for Cloud and HPC Infrastructures},
 url = {https://github.com/laszewski/papers/blob/master/vonLaszewski-12-IEEECloud2012.pdf},
 year = {2012}
}

