@techreport{osti_1725899,
 abstractnote = {Abstract not provided.},
 author = {Rahn, Larry A. and Pancerella, Carmen M. and Chen, Michael Chieh-Chuin and Doyle, Wendy S K and Nobel, Jan A. and Allison, Tom and Chase, Jared and Didier, Brett and Djurisic, Zoran M. and Elsethagen, Todd and Frenklach, Michael and Green, William H. and Gurumoorthi, Vidhya and Kodeboyina, Deepti and Leahy, David and Li, Jun and Montoya, David and Myers, James D. and Oluwole, Oluwayemisi O. and Pitz, William and Pinzon, Reinhardt and Ruscic, Branko and Schuchardt, Karen and Song, Jing and Sun, Lisong and von Laszewski, Gregor and Wagner, Al and Xu, Lili},
 comment = {TODO},
 month = {7},
 place = {United States},
 title = {Collaboratory for Multi-scale Chemical Science (CMCS): Project Final Report.},
 url = {https://www.osti.gov/biblio/1725899},
 urlother = {https://www.osti.gov/servlets/purl/1725899},
 year = {2006}
}

