@inproceedings{las-2019-harc-comet,
 address = {Chicago, IL, USA},
 author = {von Laszewski, Gregor and Fugang Wang and Fox, Geoffrey C. and Shawn Strande and Christopher Irving and Trevor Cooper and Dmitry Mishin and Norman, Michael},
 booktitle = {Humans in the Loop: Enabling and Facilitating Research on Cloud Computing},
 doi = {10.1145/3355738.3355751},
 month = {July},
 title = {Human in the Loop Virtual Machine Management on Comet},
 url = {https://laszewski.github.io/papers/vonLaszewski-human-comet.pdf},
 year = {2019}
}

