@inbook{las-2004-grid-midleware,
 address = {Chichester, England and Hoboken, NJ},
 author = {von Laszewski, Gregor and Amin, Kaizar},
 booktitle = {Middleware for communications},
 editor = {Mahmoud, Qusay},
 isbn = {978-0-470-86206-3},
 publisher = {Wiley},
 title = {Grid Middleware},
 url = {https://laszewski.github.io/papers/vonLaszewski-grid-middleware.pdf},
 year = {2004}
}

