@inproceedings{las-09-ispa,
 address = {Chengdu and Jiuzhai Valley and China},
 author = {Jeremy Espenshade and Andrew Pangborn and James Cavenaugh and von Laszewski and Gregor and Doug Roberts},
 booktitle = {The 7th IEEE International Symposium on Parallel and Distributed Processing with Applications (ISPA-09)},
 doi = {10.1109/ISPA.2009.29},
 month = {August},
 pages = {226-233},
 publisher = {IEEE},
 title = {Accelerating Partitional Algorithms for Flow Cytometry on GPUs},
 url = {https://laszewski.github.io/papers/vonLaszewski-09-cuda-biostat-ispa.pdf},
 year = {2009}
}

