@techreport{nist-vol8,
 address = {Gaithersburg, MD 20899},
 authors = {von Laszewski, Gregor and Wo Chang},
 comment = {TODO},
 institution = {NIST},
 month = {October},
 number = {1500-9r1},
 title = {NIST Big Data Interoperability Framework: Volume 8, Reference Architecture Interfaces},
 type = {NIST Special Publication},
 url = {https://nvlpubs.nist.gov/nistpubs/SpecialPublications/NIST.SP.1500-9r1.pdf},
 year = {2019}
}

