@incollection{las-17-futuregrid,
 author = {Fox and Geoffrey C and von Laszewski and Gregor and Diaz and Javier and Keahey and Kate and Fortes and Jose and Figueiredo and Renato and Smallen and Shava and Smith and Warren and Grimshaw and Andrew},
 booktitle = {Contemporary High Performance Computing},
 comment = {TODO},
 pages = {603--635},
 publisher = {Chapman and Hall/CRC},
 title = {Futuregrid: a Reconfigurable Testbed for Cloud and Hpc and and Grid Computing},
 url = {http://grids.ucs.indiana.edu/ptliupages/publications/sitka-chapter.pdf},
 year = {2017}
}

