@inproceedings{las-2017-teaching,
 author = {von Laszewski, Gregor and Fox, Geoffrey C.},
 booktitle = {Chameleon Cloud User Meeting},
 comment = {upload to ax},
 month = {July},
 organization = {University of Chicago},
 title = {Teaching Big Data and Open Source Software on Chameleon Cloud},
 url = {https://laszewski.github.io/papers/vonLaszewski-i524-chameleon.pdf},
 year = {2017}
}

