@misc{las-2023-cylon,
 archiveprefix = {arXiv},
 author = {Niranda Perera and Arup Kumar Sarker and Mills Staylor and von Laszewski, Gregor and Kaiying Shan and Supun Kamburugamuve and Chathura Widanage and Vibhatha Abeykoon and Thejaka Amila Kanewela and Geoffrey Fox},
 eprint = {2307.01394},
 primaryclass = {cs.DC},
 title = {In-depth Analysis On Parallel Processing Patterns for High-Performance Dataframes},
 year = {2023}
}

