@incollection{las-09-cloudcomp,
 address = {Munich and Germany},
 author = {Kurze, Tobias and Wang, Lizhe and Laszewski, Gregor von and Tao, Jie and Kunze, Marcel and Wang, Fugang and Kramer, David and Karl, Wolfgang and Ekanayake, Jaliya},
 booktitle = {International Conference on Cloud Computing (CloudComp'09)},
 comment = {TODO},
 day = {19-21},
 doi = {10.1007/978-3-642-12636-9_10},
 editor = {Avresky and Dimiter R. and Diaz and Michel and Bode and Arndt and Ciciani and Bruno and Dekel and Eliezer and Akan and Ozgur and Bellavista and Paolo and Cao and Jiannong and Dressler and Falko and Ferrari and Domenico and Gerla and Mario and Kobayashi and Hisashi and Palazzo and Sergio and Sahni and Sartaj and Shen and Xuemin (Sherman) and Stan and Mircea and Xiaohua and Jia and Zomaya and Albert and Coulson and Geoffrey},
 isbn = {978-3-642-12636-9},
 keyword = {Computer Science},
 month = {October},
 pages = {132-144},
 publisher = {Springer Berlin Heidelberg},
 series = {Lecture Notes of the Institute for Computer Sciences and Social Informatics and Telecommunications Engineering},
 title = {Cyberaide Virtual Applicance: On-Demand Deploying Middleware for Cyberinfrastructure},
 url = {https://laszewski.github.io/papers/las-09-cloudcomp.pdf},
 urlother1 = {https://laszewski.github.io/papers/vonLaszewski-vapl.pdf},
 urlother2 = {http://citeseerx.ist.psu.edu/viewdoc/download?doi=10.1.1.685.6154&rep=rep1&type=pdf},
 volume = {34},
 year = {2010}
}

