@inproceedings{las-99-siam,
 address = {San Antonio and TX},
 author = {von Laszewski and Gregor and Mei-Hui Su and Joseph A. Insley and Ian Foster and John Bresnahan and Carl Kesselman and Marcus Thiebaux and Mark L. Rivers and Steve Wang and Brian Tieman and Ian McNulty},
 booktitle = {Ninth SIAM Conference on Parallel Processing for Scientific Computing},
 day = {22-24~},
 month = {March},
 otherlabel = {paper1/inproceedings/cmt},
 status = {final},
 title = {Real-Time Analysis and Visualization and and Steering of Microtomography Experiments at Photon Sources},
 url = {https://laszewski.github.io/papers/vonLaszewski-siamCmt99.pdf},
 year = {1999}
}

