@inproceedings{las-05-adhoc-quality,
 address = {Papeete and Tahiti and French Polynesia},
 author = {Kaizar Amin and von Laszewski, Gregor and Armin R. Mikler},
 booktitle = {International Conference on Autonomic and Autonomous Systems International Conference on Networking and Services},
 day = {23-28~},
 doi = {10.1109/ICAS-ICNS.2005.82},
 month = {October},
 publisher = {IEEE},
 title = {Quality Assured Ad Hoc Grids},
 url = {https://laszewski.github.io/papers/vonLaszewski-adhoc-quality.pdf},
 year = {2005}
}

