@inproceedings{las02pdcs,
 address = {Louisville, KY},
 author = {Beth Plale and Peter Dinda and Mike Helm and von Laszewski, Gregor and John McGee},
 booktitle = {15th International Conference on Parallel and Distributed Computing Systems (PDCS 2002)},
 day = {19~},
 month = {September},
 note = {http://citeseerx.ist.psu.edu/viewdoc/summary?doi=10.1.1.19.209},
 pages = {437-442},
 status = {final},
 title = {Key Concepts and Services of a Grid Information Service},
 url = {https://github.com/laszewski/papers/blob/master/plale--pdcs2002.pdf},
 year = {2002}
}

