@misc{las22cc-arxiv,
 author = {von Laszewski, Gregor and Fleischer, J. P. and Fox, Geoffrey C.},
 copyright = {Creative Commons Attribution 4.0 International},
 doi = {10.48550/ARXIV.2210.16941},
 keywords = {Distributed, Parallel, and Cluster Computing (cs.DC), FOS: Computer and information sciences, FOS: Computer and information sciences},
 month = {November},
 publisher = {arXiv},
 title = {Hybrid Reusable Computational Analytics Workflow Management with Cloudmesh},
 url = {https://arxiv.org/abs/2210.16941},
 year = {2022}
}

