@article{las-09-yang-advances,
 acmid = {1666210},
 address = {Hingham and MA and USA},
 author = {Yang and Xiaoyu and Wang and Lizhe and Laszewski and Gregor},
 comment = {TODO},
 doi = {10.1007/s10586-009-0104-0},
 issn = {1386-7857},
 issue_date = {December 2009},
 journal = {Cluster Computing},
 keywords = {Cloud computing and Grid computing and e-Science},
 month = {December},
 number = {4},
 numpages = {4},
 pages = {353--356},
 publisher = {Kluwer Academic Publishers},
 title = {Recent Research Advances in e-Science},
 url = {https://www.researchgate.net/profile/Gregor-Von-Laszewski/publication/220405889_Recent_Research_Advances_in_e-Science/links/0046352bd8f808be44000000/Recent-Research-Advances-in-e-Science.pdf},
 volume = {12},
 year = {2009}
}

