@incollection{las14bigdata,
 acmid = {2609638},
 address = {Indiana University},
 author = {von Laszewski, Gregor and Geoffrey Fox},
 booktitle = {Cloud Computing for Data-Intensive Applications},
 doi = {10.1145/2609441.2609638},
 editor = {Xiaolin Li and Judy Qiu},
 isbn = {978-1-4503-2909-5},
 keywords = {cloud computing},
 location = {Vancouver, BC, Canada},
 numpages = {8},
 pages = {TBD},
 publisher = {Springer},
 series = {BigSystem '14},
 title = {The FutureGrid Testbed for Big Data},
 url = {http://doi.acm.org/10.1145/2609441.2609638},
 year = {2014}
}

