@article{las10ve-journal,
 acmid = {1663939},
 address = {Oxford, UK},
 author = {Wang, Lizhe and von Laszewski, Gregor and Kunze, Marcel and Tao, Jie and Dayal, Jai},
 doi = {10.1016/j.advengsoft.2009.09.002},
 issn = {0965-9978},
 issue_date = {February, 2010},
 journal = {Advances in Engineering Software},
 keywords = {Grid computing, Virtual environment, Virtual machine},
 month = {February},
 number = {2},
 numpages = {7},
 pages = {213-219},
 publisher = {Elsevier Science Ltd.},
 title = {Provide Virtual Distributed Environments for Grid computing on Demand},
 url = {https://laszewski.github.io/papers/vonLaszewski-vapl.pdf},
 volume = {41},
 year = {2010}
}

