@article{las-04-qos-journal,
 author = {Al-Ali and Rashid J. and Amin and Kaizar and von Laszewski and Gregor and Rana and Omer F. and Walker and David W. and Hategan and Mihael and Zaluzec and Nestor},
 doi = {10.1007/s10723-004-6743-8},
 issn = {1570-7873},
 journal = {Journal of Grid Computing},
 month = {June},
 note = {10.1007/s10723-004-6743-8},
 number = {2},
 pages = {163-182},
 publisher = {Springer Netherlands},
 title = {Analysis and Provision of QoS for Distributed Grid Applications},
 url = {https://laszewski.github.io/papers/vonLaszewski-qos-final-jogc.pdf},
 volume = {2},
 year = {2004}
}

