@inproceedings{las-94-ecwmf,
 address = {Reading and UK},
 author = {von Laszewski, Gregor and Mike Seablom and Milo Makivic and Peter Lyster and Sanya Ranka},
 booktitle = {Coming of Age and Proceedings of the 4th Workshop on the Use of Parallel Processing in Atmospheric Science},
 day = {21-25~},
 editor = {G.-R. Hoffman and N. Kreitz},
 month = {November},
 organization = {European Centre for Medium Weather Forecast},
 pages = {290-302},
 publisher = {World Scientific},
 status = {final},
 title = {Design Issues for the Parallelization of an Optimal Interpolation Algorithm},
 url = {https://laszewski.github.io/papers/sccs-0668.pdf},
 urlother = {https://laszewski.github.io/papers/vonLaszewski94-4dda-design.pdf},
 year = {1994}
}

