@article{las-2006-batch,
 author = {van Puymbrouck, Jennifer and Angulo, David and Drew and Kevin, Hollenbeck and Lee, Ann and Battre, Dominic and Schilling, Alex and Jabon, David and von Laszewski, Gregor},
 journal = {DePaul University CTI Tech Report},
 publisher = {Citeseer},
 title = {A Batch Import Module for an Empirically Derived Mass Spectral Database},
 url = {https://citeseerx.ist.psu.edu/viewdoc/download?doi=10.1.1.164.9290&rep=rep1&type=pdf},
 year = {2006}
}

