@inproceedings{las-2015-impact-ncar,
 address = {Chicago, IL, USA},
 author = {von Laszewski, Gregor and Fugang Wang and Fox, Geoffrey and Hart, David L. and Furlani, Thomas R. and DeLeon, Robert L. and M. Gallo, Steven},
 booktitle = {2015 IEEE International Conference on Cluster Computing and},
 date = {2015-09-08},
 doi = {10.1109/CLUSTER.2015.98},
 isbn = {978-1-4673-6598-7},
 issn = {2168-9253},
 keywords = {Resource management and Data analysis and Ranking (statistics) and Atmospheric measurements and Extraterrestrial measurements and Conferences and Metrics and publications},
 month = {September},
 opteventdate = {8-11 Sept. 2015},
 opteventtitleaddon = {Chicago, IL, USA},
 pages = {531--532},
 publisher = {IEEE},
 title = {Peer Comparison of XSEDE and NCAR Publication Data},
 url = {https://laszewski.github.io/papers//vonLaszewski-tas-cluster.pdf},
 year = {2015}
}

