@book{las-2018-class-proceedings,
 address = {Bloomington, IN},
 editor = {Laszewski, Gregor},
 epub = {https://raw.githubusercontent.com/cloudmesh-community/proceedings-fa18/master/vonLaszewski-proceedings-fa18-papers.epub},
 publisher = {Online, Indiana University},
 series = {Online Books Digital Science Center},
 title = {Cloud Computing Papers, Class Proceedings},
 url = {https://raw.githubusercontent.com/cloudmesh-community/proceedings-fa18/master/vonLaszewski-proceedings-fa18-papers.pdf},
 year = {}
}

