@techreport{las-2019-cloud-eng-lecture,
 address = {Bloomington IN, U.S.A.},
 author = {von Laszewski, Gregor},
 comment = {TODO},
 epub = {https://cloudmesh-community.github.io/pub/vonLaszewski-e516.epub},
 institution = {Indiana University},
 month = {December},
 title = {Lecture Notes on Cloud Computing Engineering (2019)},
 type = {Lecture Notes},
 url = {https://cloudmesh-community.github.io/pub/vonLaszewski-e516.pdf},
 year = {2019}
}

