@incollection{las06workcoordination,
 author = {von Laszewski, Gregor and Mihael Hategan and Deepti Kodeboyina},
 booktitle = {Grid Technologies},
 editor = {M.P. Bekakos and G.A. Gravvanis and H.R. Arabnia},
 isbn = {1-84564-055-1},
 publisher = {Wit},
 series = {State-of-the-art in Science and Engineering},
 title = {Work coordination for Grid computing},
 url = {https://laszewski.github.io/papers/vonLaszewski-work-coordination.pdf},
 volume = {5},
 year = {2006}
}

