@inproceedings{las-99-spie,
 address = {Orlando and FL},
 author = {Wang and Yuxin and De Carlo and Francesco and Foster and Ian and Insley and Joseph and Kesselman and Carl and Lane and Peter and von Laszewski and Gregor and Mancini and Derrick C. and McNulty and Ian and Su and Mei-Hui and Tieman and Brian},
 booktitle = {Proceedings of SPIE99},
 day = {4-6},
 doi = {10.1117/12.363735},
 month = {April},
 pages = {318-327},
 title = {Quasi-Realtime X-Ray Microtomography System at the Advanced Photon Source},
 url = {https://laszewski.github.io/papers/vonLaszewski-spie99.pdf},
 volume = {3772},
 year = {1999}
}

