@misc{vonlaszewski-2017-impact-ppt,
 author = {Gregor von Laszewski Fugang Wang},
 howpublished = {Presentation, PEARC'17 XMS Advisory Committee meeting},
 month = {July},
 note = {not in CV},
 title = {XMS Scientific Impact},
 url = {https://github.com/scienceim-pact/report/blob/main/presentation/PEARC17 XMS sciimp.pptx},
 year = {2017}
}

