@inproceedings{las-09-ogce,
 address = {Arlington and VA},
 author = {Pierce and Marlon and Marru and S. and Wenjun Wu and Gopi Kandaswami and von Laszewski and Gregor and Rion Dooley and Maytal Dahan and Nancy Wilkins-Diehr and Thomas and Mary},
 booktitle = {TeraGrid 2009 Meeting},
 day = {24},
 month = {June},
 title = {Open Grid Computing Environments},
 url = {https://laszewski.github.io/papers/OGCETG09-1-1.pdf},
 year = {2009}
}

