@inproceedings{5377649,
 author = {Espenshade and Jeremy and Lukowiak and Marcin and Shaaban and Muhammad and von Laszewski and Gregor},
 booktitle = {2009 International Conference on Field-Programmable Technology},
 comment = {TODO},
 doi = {10.1109/FPT.2009.5377649},
 pages = {465-471},
 title = {Flexible framework for commodity FPGA cluster computing},
 url = {https://d1wqtxts1xzle7.cloudfront.net/44912215/Flexible_framework_for_commodity_FPGA_cl20160420-28864-axfoze.pdf?1461140459=&response-content-disposition=inline%3B+filename%3DFlexible_framework_for_commodity_FPGA_cl.pdf&Expires=1629388987&Signature=NORT9feAGLA7WTa-Vz2pdy77wSx3O4D0cslFgJCOwFFiPyuw9TDwIn-cs-A3BWNw8~L6rNEaEqUMv9SabYJYluBnvkQ7p3ERuVpVNkXPXmwBKrSVcl9W8FAV0U3p8hiR1m6tWVgoWUAhOsKctTXLfKitM7QIpSYm5YRUrMf7gdffaBoWzLazFjtCrVe3YzbXzVbefR7oqeJ6k4l~i03nPLxAhV4vOfXNUnUBjltSg~AzER4J1k9HSs8cdRRPX0LZhFgmscCm7iJ5Uqc1HUePivTWRK9DBhLEeCYJVB9qGlaM2tPvqM65E1LH-RJDMIN5~ytCNvR0JBYUCAEjUdI~Ew__&Key-Pair-Id=APKAJLOHF5GGSLRBV4ZA},
 year = {2009}
}

