@inproceedings{las2010gce,
 address = {New Orleans, LA},
 author = {Gregor von Laszewski and Geoffrey C. Fox and Fugang Wang and Younge, Andrew J and Kulshrestha and Gregory G. Pike and Warren Smith and Jens Voeckler and Renato J. Figueiredo and Jose Fortes and Kate Keahey and Ewa Deelman},
 booktitle = {Proceedings of Gateway Computing Environments 2010 (GCE2010) at SC10},
 doi = {10.1109/GCE.2010.5676126},
 month = {November},
 publisher = {IEEE},
 title = {Design of the FutureGrid Experiment Management Framework},
 year = {2010}
}

