@inproceedings{las04adcom,
 address = {Ahmedabad Gujarat, India},
 author = {Kaizar Amin and von Laszewski, Gregor and Armin R. Mikler},
 booktitle = {12th International Conference on Advanced Computing and Communications (ADCOM 2004)},
 day = {15-18~},
 month = {December},
 status = {final},
 title = {Toward an Architecture for Ad Hoc Grids},
 url = {https://laszewski.github.io/papers/vonLaszewski-adhoc-adcom2004.pdf},
 year = {2004}
}

