@incollection{las11ondemand,
 author = {Jai Dayal and Casey Rathbone and Lizhe Wang and Gregor von Laszewski},
 booktitle = {Internet Policies and Issues. Volume 7 - 2nd quarter},
 isbn = {978-1-61668-745-8},
 pages = {pp.249-262},
 publisher = {Nova},
 timestamp = {2013.12.23},
 title = {Towards on Demand IT Service Deployment},
 year = {2011}
}

