@misc{github-cloudmesh,
 author = {Gregor von Laszewski},
 howpublished = {GitHub},
 month = {February},
 title = {Cloudmesh Code Repositories},
 url = {https://github.com/cloudmesh},
 year = {2020}
}

