@misc{las-2022-hybrid-cc,
 archiveprefix = {arXiv},
 author = {Gregor von Laszewski and J. P. Fleischer and Geoffrey C. Fox},
 eprint = {2210.16941},
 primaryclass = {cs.DC},
 title = {Hybrid Reusable Computational Analytics Workflow Management with Cloudmesh},
 url = {https://arxiv.org/pdf/2210.16941},
 urlopt = {https://github.com/cyberaide/paper-cloudmesh-cc/raw/main/vonLaszewski-cloudmesh-cc.pdf},
 year = {2022}
}

