@techreport{las-18-contributions,
 author = {Fox and Geoffrey and Qiu and Judy and Crandall and David and Von Laszewski and Gregor and Beckstein and Oliver and Paden and John and Paraskevakos and Ioannis and Jha and Shantenu and Wang and Fusheng and Marathe and Madhav and others},
 booktitle = {Future Trends of HPC in a Disruptive Scenario},
 institution = {Technical report and Digital Science Center},
 pages = {34--81},
 publisher = {IOS Press},
 title = {Contributions to High-Performance Big Data Computing},
 url = {https://laszewski.github.io/papers/bigdatahpc.pdf},
 year = {2018}
}

