@inproceedings{las-2004-gridant,
 address = {Big Island, HW},
 author = {Kaizar Amin and Mihael Hategan and von Laszewski, Gregor and NZaluzec, estor J. and Shawn Hampton and Albert Rossi},
 booktitle = {37th Hawai'i International Conference on System Science},
 day = {5-8~},
 doi = {10.1109/HICSS.2004.1265491},
 ee = {http://csdl.computer.org/comp/proceedings/hicss/2004/2056/07/205670210cabs.htm},
 issn = {1530-1605},
 month = {January},
 note = {The original paper is: von Laszewski, Gregor and Kaizar Amin and Shawn Hampton and Sandeep Nijsure. Technical report and Argonne National Laboratory and 31 July 2002. https://laszewski.github.io/papers/vonLaszewski-gridant.pdf.},
 optotherlabel = {DBLP:conf/hicss/AminLHZHR04},
 publisher = {IEEE Computer Society, Los Alamitos, CA, USA},
 title = {GridAnt: A Client-Controllable Grid Workflow System},
 url = {https://laszewski.github.io/papers/vonLaszewski-gridant-hics.pdf},
 volume = {7},
 year = {2004}
}

