@article{las-10-ijahuc,
 acmid = {1866088},
 author = {Wang, Lizhe and Laszewski and Gregor Von and Tao , Jie and Kunze, Marcel},
 comment = {TODO},
 doi = {10.1504/IJAHUC.2010.035532},
 issn = {1743-8225},
 issue_date = {September 2010},
 journal = {International Journal of Ad Hoc and Ubiquitous Compututing},
 keywords = {compact muon solenoid and distributed virtual machines and grid computing and grid workflow and high energy physics applications and virtual data systems},
 month = {September},
 number = {4},
 numpages = {11},
 pages = {194--204},
 publisher = {Inderscience Publishers and Geneva and Switzerland},
 title = {Virtual Data System on Distributed Virtual Machines in Computational Grids},
 url = {https://www.researchgate.net/profile/Marcel-Kunze/publication/220277542_Virtual_Data_System_on_distributed_virtual_machines_in_computational_grids/links/004635167e25b63862000000/Virtual-Data-System-on-distributed-virtual-machines-in-computational-grids.pdf},
 volume = {6},
 year = {2010}
}

