@inproceedings{las-2012-imagemanagement,
 address = {Honolulu},
 author = {Javier Diaz and von Laszewski, Gregor and Fugang Wang and Fox, Geoffrey C.},
 booktitle = {IEEE Cloud 2012},
 doi = {10.1109/CLOUD.2012.94},
 month = {June},
 title = {Abstract Image Management and Universal Image Registration for Cloud and HPC Infrastructures},
 url = {https://laszewski.github.io/papers/vonLaszewski-12-IEEECloud2012.pdf},
 year = {2012}
}

