@article{las-2021-covid,
 author = {Fox, Geoffrey C. and von Laszewski, Gregor and Fugang Wang and Saumyadipta Pyne},
 comment = {TODO and local copy},
 doi = {10.6339/21-JDS1007},
 featured = {true},
 issn = {1680-743X},
 journal = {Journal of Data Science},
 number = {2},
 pages = {293-313},
 publisher = {School of Statistics and Renmin University of China},
 title = {AICov: An Integrative Deep Learning Framework for COVID-19 Forecasting with Population Covariates},
 url = {https://laszewski.github.io/papers/las-2021-covid.pdf},
 volume = {19},
 year = {2021}
}

