@techreport{las-2020-book-linux,
 address = {Bloomington IN, U.S.A.},
 author = {von Laszewski, Gregor},
 comment = {TODO},
 institution = {Indiana University},
 month = {February},
 title = {Linux for Cloud Computing},
 type = {Online Book},
 url = {https://cloudmesh-community.github.io/pub/vonLaszewski-linux.pdf},
 year = {2020}
}

