@proceedings{las07gce,
 address = {Reno, NV},
 author = {von Laszewski, Gregor},
 editor = {von Laszewski, Gregor},
 file = {showToc:http\://library.rit.edu/oajournals/index.php/gce/issue/view/9/showToc:PDF},
 month = {Nov.},
 oldlabel = {gce07},
 organization = {in conjunction with IEEE/ACM SC07},
 publisher = {Published Mar. 2008, Rochester Institute of
Technology, Rochester NY},
 title = {Grid Computing Environments 2007 Confernce
Proceeedings},
 url = {http://library.rit.edu/oajournals/index.php/gce/issue/view/9/showToc},
 year = {2007}
}

