@article{las-02-cactus,
 author = {von Laszewski and Gregor and Michael Russell and Ian Foster and John Shalf and Gabrielle Allen and Greg Daues and Jason Novotny and Edward Seidel},
 doi = {10.1002/cpe.688},
 issn = {1532-0634},
 journal = {Concurrency and Computation: Practice and Experience},
 number = {13-15},
 otherlabel = {Laszewski01communitysoftware},
 pages = {1289-1301},
 publisher = {John Wiley and Sons and Ltd.},
 title = {Community Software Development with the Astrophysics Simulation Collaboratory},
 url = {https://laszewski.github.io/papers/vonLaszewski-cactus5.pdf},
 volume = {14},
 year = {2002}
}

