@article{las01acm,
 acmid = {383872},
 address = {New York, NY, USA},
 author = {Vladimir Getov and von Laszewski, Gregor and Michael Philippsen and Ian Foster},
 doi = {10.1145/383845.383872},
 issn = {0001-0782},
 journal = {Communications of ACM},
 month = {October},
 number = {10},
 pages = {118-125},
 publisher = {ACM},
 status = {final},
 title = {Multi-Paradigm Communications in Java for Grid Computing},
 url = {https://laszewski.github.io/papers/vonLaszewski-cacm.pdf},
 volume = {44},
 year = {2001}
}

