@misc{pypi-bookmanager,
 author = {Gregor von Laszewski},
 howpublished = {PyPI and GitHub},
 month = {February},
 title = {Cyberaide Bookmanager},
 url = {https://pypi.org/project/cyberaide-bookmanager/},
 year = {2020}
}

