@article{las00sbc,
 author = {von Laszewski, Gregor and Mary Westbrook and Ian Foster and Edwin Westbrook and Craig Barnes},
 doi = {10.1023/A:1019036421819},
 journal = {Cluster Computing},
 number = {3},
 pages = {187-199},
 status = {final},
 title = {Using Computational Grid Capabilities to Enhance the Ability of an X-Ray Source for Structural Biology},
 url = {https://laszewski.github.io/papers/vonLaszewski-dtrek.pdf},
 volume = {3},
 year = {2000}
}

