@article{las-05-qos-model,
 author = {Al-Ali, Rashid and Rana, Omer and von Laszewski, Gregor and Hafid, Abdelhakim and Amin, Kaizar and Walker, David},
 comment = {TODO},
 journal = {International Journal of Grid and Utility Computing},
 pages = {1},
 title = {A Model for Quality-of-Service Provision in Service Oriented Architectures},
 url = {https://www.researchgate.net/profile/Abdelhakim-Senhaji-Hafid/publication/228820255_A_model_for_quality-of-service_provision_in_service_oriented_architectures/links/00b7d516c46d6906dc000000/A-model-for-quality-of-service-provision-in-service-oriented-architectures.pdf},
 year = {2005}
}

