@misc{scidacPoster-chem,
 author = {Thomas C. Allison and Sandra Bittner and Brett Didier and Michael Frenklach and William H. Green, Jr. and Darrian Hale and Mihael F. Hategan-Marandiuc and Carina Lansing and Gregor von Laszewski and David Leahy and James D. Myers and Michael Minkoff and David Montoya and Luwi Oluwole and Carmen Pancerella and Reinhardt Pinzon and William Pitz and Larry Rahn and Jane Riese and Branko Ruscic and Karen Schuchardt and Albert F. Wagner and Theresa Windus and Christine Yang and Ginger Young},
 day = {22-24},
 howpublished = {DOI SciDAC PI Meeting (Poster), Charleston, SC},
 month = {March},
 owner = {neu},
 timestamp = {2013.12.23},
 title = {Collaboratory for Multi-scale Chemical Science},
 url = {http://www.csm.ornl.gov/workshops/DOE_SciDAC/posters.html},
 year = {2004}
}

