@incollection{las-2011-ondemand,
 author = {Jai Dayal and Casey Rathbone and Lizhe Wang and von Laszewski, Gregor},
 booktitle = {Internet Policies and Issues. Volume 7 - 2nd quarter},
 comment = {TODO: brokenurl},
 isbn = {978-1-61668-745-8},
 pages = {pp.249-262},
 publisher = {Nova},
 timestamp = {2013.12.23},
 title = {Towards on Demand IT Service Deployment},
 urlbroken = {http://infomall.org/publications/vonLaszewski-10-nova-bookchapter.pdf},
 year = {2011}
}

