@inproceedings{las-00-grande,
 acmid = {337491},
 address = {San Francisco and CA},
 author = {von Laszewski and Gregor and Ian Foster and Jarek Gawor and Warren Smith and Steve Tuecke},
 booktitle = {Proceedings of the ACM 2000 conference on Java Grande},
 day = {3-4},
 doi = {10.1145/337449.337491},
 isbn = {1-58113-288-3},
 location = {San Francisco and California and United States},
 month = {June},
 numpages = {10},
 pages = {97-106},
 publisher = {ACM and New York and NY and USA},
 series = {JAVA'00},
 tags = {class book},
 title = {CoG Kits: A Bridge between Commodity Distributed Computing and High-Performance Grids},
 url = {https://laszewski.github.io/papers/vonLaszewski-cog-final.pdf},
 year = {2000}
}

