@article{las-08-ms,
 author = {von Laszewski, Gregor and Dilmanian, Leor},
 comment = {TODO},
 journal = {Microsoft Development Network},
 title = {Accelerating time to scientific discovery with a grid-enhanced microsoft project},
 url = {http://scholarworks.rit.edu/cgi/viewcontent.cgi?article=1685&context=article},
 year = {2008}
}

