@techreport{las20proc-516,
 address = {Bloomington IN, U.S.A.},
 author = {von Laszewski, Gregor},
 comment = {TODO},
 epub = {https://cloudmesh-community.github.io/pub/vonLaszewski-e516-sp20-proceedings.epub},
 institution = {Indiana University},
 month = {February},
 title = {Proceedings of Cloud Computing Engeneeing (2020)},
 type = {Lecture Notes},
 url = {https://cloudmesh-community.github.io/pub/vonLaszewski-e516-sp20-proceedings.pdf},
 year = {2020}
}

