@techreport{las-2011-towards-deployment,
 author = {Diaz, Javier and von Laszewski, Gregor and Wang, Fugang and Fox, Geoffrey C},
 comment = {TODO},
 journal = {Indiana University, Bloomington, IN},
 title = {Towards cloud deployments using futuregrid},
 url = {http://grids.ucs.indiana.edu/ptliupages/publications/FGCloudDeployments.pdf},
 volume = {47408},
 year = {2011}
}

