@techreport{las20book-linux,
 address = {Bloomington IN, U.S.A.},
 author = {von Laszewski, Gregor},
 comment = {TODO},
 institution = {Indiana University},
 month = {February},
 title = {Linux for Cloud Computing},
 type = {Online Book},
 url = {https://laszewski.github.io/book/linux/},
 year = {2020}
}

