@misc{las-2023-poster-ai-for-science-nsf-nsf,
 author = {Fox, G.C and von Laszewski Gregor},
 howpublished = {NSF Meeting},
 month = {October},
 title = {AI for Science and Engineering},
 url = {https://github.com/cyberaide/poster-ai-for-science/blob/main/vonLaszewski-ai-for-science.pdf},
 year = {2023}
}

