@techreport{las-2006-massspec,
 author = {Puryear, Eric and Angulo, David and Drew, Kevin and von Laszewski, Gregor and Schilling, Alex},
 comment = {no PDF},
 institution = {DePaul University},
 title = {The Enhanced Mass Spectrometry I/O Project},
 url = {https://docsbay.net/the-enhanced-mass-spectrometry-i-o-project},
 year = {2006}
}

