@article{las-06-saga,
 author = {Goodale and Tom and Jha and Shantenu and Kaiser and Hartmut and Kielmann and Thilo and Kleijer and Pascal and Von Laszewski and Gregor and Lee and Craig and Merzky and Andre and Rajic and Hrabri and Shalf and John},
 journal = {Computational Methods in Science and Technology},
 number = {1},
 pages = {7--20},
 title = {SAGA: A Simple API for Grid Applications. High-level application programming on the Grid},
 volume = {12},
 year = {2006}
}

