@techreport{las-2017-cloudmesh,
 author = {von Laszewski, Gregor and Abdul-Wahid, Badi and Wang, Fugang and Lee and Hyungro and Fox and Geoffrey C and Chang and Wo},
 comment = {TODO},
 institution = {Indiana University, Bloomingtion, IN 47408, USA},
 title = {Cloudmesh in support of the NIST Big Data Architecture Framework},
 year = {2017}
}

