@inproceedings{las-2012-comparisoncloud,
 address = {Honolulu, HI},
 author = {von Laszewski, Gregor and Javier Diaz and Fugang Wang and Fox, Geoffrey C.},
 booktitle = {IEEE Cloud 2012},
 doi = {10.1109/CLOUD.2012.104},
 month = {June},
 title = {Comparison of Multiple Cloud Frameworks},
 url = {https://laszewski.github.io/papers/laszewski-IEEECloud2012_id-4803.pdf},
 year = {2012}
}

