@inproceedings{las-2017-comet,
 address = {New York, NY, USA},
 articleno = {38},
 author = {Strande, Shawn M. and Cai, Haisong and Cooper, Trevor and Flammer, Karen and Irving, Christopher and von Laszewski, Gregor and Majumdar, Amit and Mishin, Dmistry and Papadopoulos, Philip and Pfeiffer, Wayne and Sinkovits, Robert S. and Tatineni, Mahidhar and Wagner, Rick and Wang, Fugang and Wilkins-Diehr, Nancy and Wolter, Nicole and Norman, Michael L.},
 booktitle = {Proceedings of the Practice and Experience in Advanced Research Computing 2017 on Sustainability, Success and Impact},
 comment = {TODO},
 doi = {10.1145/3093338.3093383},
 isbn = {9781450352727},
 location = {New Orleans, LA, USA},
 numpages = {7},
 pages = {38},
 publisher = {Association for Computing Machinery},
 series = {PEARC17},
 title = {Comet: Tales from the Long Tail: Two Years In and 10000 Users Later},
 url = {https://doi.org/10.1145/3093338.3093383},
 year = {2017}
}

