@techreport{las-2020-uroc,
 author = {von Laszewski, Gregor and Anthony Orlowski and Richard Otten and Adam Chai and Reilly Markowitz and Sunny Gandhi and Caleb Wilson},
 institution = {Indiana University},
 title = {Towards Automatically Generated Hybrid Multi-Cloud AI Services},
 type = {UROC report},
 url = {https://laszewski.github.io/papers/vonLaszewski-uroc-2020.pdf},
 year = {2020}
}

