@techreport{las-1995-xpvm,
 author = {von Laszewski, Gregor},
 comment = {exclude},
 institution = {Syracuse University},
 title = {XPVM: An X window based interface to the PVM},
 url = {https://laszewski.github.io/papers/sccs-0607.pdf},
 year = {1995}
}

