@article{las-1998-ldap,
 author = {von Laszewski, Gregor and Foster, Ian},
 comment = {TODO},
 journal = {Mathematics and Computer Science Division and Argonne National Laboratory},
 title = {Usage of LDAP in Globus},
 url = {https://integration.globuscs.info/sites/default/files/ldap_in_globus.pdf},
 year = {1998}
}

