@inproceedings{las08-javascript,
 address = {Austin, TX},
 author = {von Laszewski,Gregor and Fugang Wang and Andrew Younge and Xi He and Zhenhua Guo and Marlon Pierce},
 booktitle = {GCE08 at SC'08},
 day = {16},
 doi = {10.1109/GCE.2008.4738448},
 month = {November},
 otherlabel = {las08-javascript},
 publisher = {IEEE},
 status = {final},
 title = {Cyberaide JavaScript: A JavaScript Commodity Grid Kit},
 url = {https://github.com/laszewski/papers/blob/master/vonLaszewski-08-javascript.pdf},
 year = {2008}
}

