@misc{las-2024-analysispipleine,
 archiveprefix = {arXiv},
 author = {Arup Kumar Sarker and Aymen Alsaadi and Niranda Perera and Mills Staylor and Gregor von Laszewski and Matteo Turilli and Ozgur Ozan Kilic and Mikhail Titov and Andre Merzky and Shantenu Jha and Geoffrey Fox},
 eprint = {2403.15721},
 primaryclass = {cs.DC},
 title = {Design and Implementation of an Analysis Pipeline for Heterogeneous Data},
 url = {https://arxiv.org/abs/2403.15721},
 year = {2024}
}

