@techreport{las-2000-grid-create,
 address = {Argonne, IL},
 author = {Rana, Omer F. and Ali Shaikhali1 and von Laszewski, Gregor},
 institution = {Argonne National Lab},
 month = {August},
 title = {Creating and Managing Grid Services},
 type = {Technical Report},
 url = {https://citeseerx.ist.psu.edu/viewdoc/download?doi=10.1.1.461.95&rep=rep1&type=pdf},
 year = {2000}
}

