@techreport{las-2001-corba-status,
 author = {Snigdha Verma and Jarek Gawor and von Laszewski, Gregor and Manish Parashar},
 institution = {Argonne National Laboratry},
 title = {Status of a Bridge between CORBA and Globus},
 url = {https://laszewski.github.io/papers/vonLaszewski-corba.pdf},
 year = {2001}
}

