@misc{las-2020-github-cloudmesh,
 author = {Laszewski, Gregor},
 comment = {TODO},
 howpublished = {GitHub},
 month = {February},
 title = {Cloudmesh Code Repositories},
 url = {https://github.com/cloudmesh},
 year = {2020}
}

