@incollection{las-17-futuregrid,
 author = {Fox, Geoffrey C and von Laszewski, Gregor and Diaz, Javier and Keahey, Kate and Fortes, Jose, and Figueiredo, Renato and Smallen, Shava and Smith, Warren and Grimshaw, Andrew},
 booktitle = {Contemporary High Performance Computing},
 comment = {TODO},
 pages = {603--635},
 publisher = {Chapman and Hall/CRC},
 title = {Futuregrid: a Reconfigurable Testbed for Cloud and Hpc and and Grid Computing},
 url = {http://grids.ucs.indiana.edu/ptliupages/publications/sitka-chapter.pdf},
 urlother = {https://www.taylorfrancis.com/chapters/edit/10.1201/9781351104005-23/futuregrid-reconfigurable-testbed-cloud-hpc-grid-computing-geoffrey-fox-gregor-von-laszewski-javier-diaz-kate-keahey-jose-fortes-renato-figueiredo-shava-smallen-warren-smith-andrew-grimshaw},
 year = {2017}
}

