@inproceedings{las-07-swift,
 author = {Yong Zhao and Hategan and M. and Clifford and B. and Foster and I. and von Laszewski and G. and Nefedova and V. and Raicu and I. and Stef-Praun and T. and Wilde and M.},
 booktitle = {Services and 2007 IEEE Congress on},
 comment = {TODO},
 doi = {10.1109/SERVICES.2007.63},
 keywords = {formal specification and grid computing and software reliability and GriPhyN virtual data system and Swift system and SwiftScript language and complex file system structures and runtime system and scripting language and Computer science and Concurrent computing and Data systems and Distributed computing and File systems and High performance computing and Laboratories and Magnetic analysis and Mathematics and Power system reliability},
 pages = {199-206},
 title = {Swift: Fast and Reliable and Loosely Coupled Parallel Computation},
 year = {2007}
}

