@inproceedings{las05workflowrepo,
 acmid = {1106017},
 address = {Papeete, Tahiti, French Polynesia},
 author = {von Laszewski, Gregor and Deepti Kodeboyina},
 booktitle = {Proceedings of the Joint International Conference
on Autonomic and Autonomous Systems and
International Conference on Networking and
Services},
 day = {23-28~},
 isbn = {0-7695-2450-8},
 month = {October},
 note = {http://dl.acm.org/citation.cfm?id=1105923.1106017},
 oldlabels = {las05workflowrepository},
 pages = {84--},
 publisher = {IEEE Computer Society, Washington, DC, USA},
 series = {ICAS-ICNS '05},
 title = {A Repository Service for Grid Workflow Components},
 url = {https://laszewski.github.io/papers/vonLaszewski-workflow-repository.pdf},
 year = {2005}
}

