@inproceedings{las-04-clade,
 address = {Honolulu and HI},
 author = {Myers, James D. and Allison, Thomas C. and Sandra Bittner and Brett Didier and Michael Frenklach and Green~Jr., William H. and Yen-Ling Ho and John Hewson and Wendy Koegler and Carina Lansing and David Leahy and Michael Lee and Renata McCoy and Michael Minkoff and Sandeep Nijsure and von Laszewski and Gregor and David Montoya and Carmen Pancerella and Reinhardt Pinzon and William Pitz and Rahn, Larry A., and Branko Ruscic and Karen Schuchardt and Eric Stephan and Al Wagner and Theresa Windus and Christine Yang},
 booktitle = {Second International Workshop on Challenges of Large Applications in Distributed Environments},
 day = {7},
 doi = {10.1109/CLADE.2004.1309089},
 month = {June},
 pages = {24-33},
 status = {final},
 title = {A Collaborative Informatics Infrastructure for Multi-scale Science},
 url = {https://laszewski.github.io/papers/vonLaszewski-clade2004.pdf},
 year = {2004}
}

