@misc{las-2014-impact-ppt,
 author = {Fugang Wang and von Laszewski, Gregor},
 howpublished = {Presentation, Indiana University},
 month = {December},
 note = {not in cv},
 title = {Introduction of the proposed Peers Comparison Method},
 url = {https://github.com/scienceimpact/report/blob/main/presentation/TAS PeerComparison Dec2014.pptx},
 year = {2014}
}

