@article{las-2020-net-science,
 author = {Ahmed, N. and Alo, R. and Amelink, C. and Baek, Y.Y. and Chudhary, A. and Collins, K. and Esterline, A. and Fox, E. and Fox, G. and Hagberg, A and Kenyon, R. and Kuhlman, C. and Leskovec, J. and Machi, D. and Marathe, M. and Meghanathan, M. and Miyazaki, Y. and Qiu, J. and Ramakrishnan, N. and Ravi, S.S. and Rossi, R. and Sosic, R. and von Laszewski, G.},
 journal = {Gateways Conference 2020},
 place = {Country unknown/Code not available},
 title = {net.science: A Cyberinfrastructure for Sustained Innovation in Network Science and Engineering},
 url = {https://laszewski.github.io/papers/las-2020-net-science.pdf}
}

