@article{las-02-corbacog,
 author = {Manish Parashar and von Laszewski and Gregor and Snigdha Verma and Jarek Gawor and Kate Keahey},
 brokenurl = {https://laszewski.github.io/papers/corbacog-ccpe-gce01-final.pdf},
 comment = {TODO},
 doi = {10.1002/cpe.682},
 journal = {Concurrency and Computation: Practice and Experience},
 pages = {1057-1074},
 status = {final},
 title = {A CORBA Commodity Grid Kit},
 url = {http://citeseerx.ist.psu.edu/viewdoc/download?doi=10.1.1.75.1712&rep=rep1&type=pdf},
 volume = {14},
 year = {2002}
}

