@article{las-02-grip,
 author = {David Snelling and van den Berghe, Sven and von Laszewski, Gregor and Philipp Wieder and D. Breuer and Jon MacLaren and Denis Nicole and John Brooke and Hans-Christian Hoppe},
 drafturl = {https://laszewski.github.io/papers/D4.1b_draft.pdf},
 issn = {1335-9150},
 journal = {Computing and Informatics},
 pages = {399-411},
 title = {A Unicore Globus Interoperability Layer},
 url = {https://laszewski.github.io/papers/grip-02.pdf},
 volume = {21},
 year = {2002}
}

