@techreport{las20book-linux,
 address = {Bloomington IN, U.S.A.},
 author = {von Laszewski, Gregor},
 institution = {Indiana University},
 title = {Linux for Cloud Computing},
 type = {Online Book},
 month = aug, 
 year = 2020,
 url = {https://cloudmesh-community.github.io/pub/vonLaszewski-linux.pdf},
 epub = {https://cloudmesh-community.github.io/pub/vonLaszewski-linux.pdf}, 
}
% url = {https://laszewski.github.io/book/linux/},

