@article{las-2011-energy,
 author = {Lizhe Wang and Marcel Kunze and Jie Tao and von Laszewski, Gregor},
 comment = {TODO},
 doi = {https://doi.org/10.1016/j.advengsoft.2011.05.007},
 issn = {0965-9978},
 journal = {Advances in Engineering Software},
 number = {9},
 pages = {714-722},
 title = {Towards building a cloud for scientific applications},
 url = {https://www.sciencedirect.com/science/article/pii/S0965997811001141},
 volume = {42},
 year = {2011}
}

