@inproceedings{las-grapple-2011,
 address = {Argonne National Laboratory, USA.},
 author = {Javier Diaz and Andrew Younge and von Laszewski, Gregor and FugangWang and Fox, Geoffrey C.},
 booktitle = {CCA11: Cloud Computing and Its Applications},
 day = {12-13},
 month = {April},
 title = {Grappling cloud infrastructure services with a generic image repository},
 url = {http://grids.ucs.indiana.edu/ptliupages/publications/11-imagerepo-cca.pdf},
 year = {2011}
}

