@misc{github-cloudmesh-community,
 author = {Gregor von Laszewski},
 howpublished = {GitHub},
 month = {February},
 title = {Cloudmesh Community},
 url = {https://github.com/cloudmesh-community},
 year = {2020}
}

