@article{las09cloud,
 author = {Lizhe Wang and Gregor von Laszewski and Andrew
J. Younge and Xi He and Marcel Kunze and Jie Tao and
Cheng Fu},
 doi = {10.1007/s00354-008-0081-5},
 journal = {New Generation Computing},
 note = {Springer and Ohmsha, Ltd.},
 number = {2},
 oldlabel = {journals/ngc09/Wang09, Wang2010ngc},
 pages = {137-146},
 title = {Cloud Computing: a Perspective Study},
 url = {https://laszewski.github.io/papers/08-ngc.pdf},
 volume = {28},
 year = {2010}
}

