@inproceedings{las-2001-gosv3,
 author = {von Laszewski, Gregor and Helm, Mike and Fitzgerald, Steven M and Vanderbilt, Pete and Didier, Brett and Lane, Peter and Swany, Martin},
 booktitle = {Argonne National Laboratory and Pacific Northwest Laboratory and Grid Forum Working Group Document GWD-GIS-011-11},
 title = {GOSv3: A Data Definition Language for Grid Information Services},
 url = {https://www.ogf.org/documents/Drafts/GGF-2%20GWD's/ggf2%20WG%20Docs/gis-wg-021-002.pdf},
 year = {2001}
}

