@inproceedings{las08project-position,
 address = {Indianapolis, IN, USA},
 author = {von Laszewski, Gregor and Leor Dilmanian},
 booktitle = {2008 Microsoft eScience Workshop},
 month = {December 7-9},
 note = {(accepted and presented)},
 title = {Accelerating Time to Scientific Discovery with a
Grid-Enhanced Microsoft Project},
 url = {https://www.academicresourcecenter.net/curriculum/pfv.aspx?ID=7796},
 year = {2008}
}

