@inproceedings{las-2001-corba,
 acmid = {652851},
 address = {Denver},
 author = {Verma, Snigdha and Parashar, Manish and Gawor, Jarek and von Laszewski, Gregor},
 booktitle = {Proceedings of the Second International Workshop on Grid Computing (GRID'01)},
 editor = {Craig A. Lee},
 isbn = {3-540-42949-2},
 month = {November},
 numpages = {12},
 pages = {2-12},
 publisher = {Springer-Verlag, London, UK},
 series = {Lecture Notes in Computer Science},
 title = {Design and Implementation of a CORBA Commodity Grid Kit},
 url = {https://laszewski.github.io/papers/las01-corba-design.pdf},
 urlother = {http://dl.acm.org/citation.cfm?id=645441.652851},
 volume = {2241},
 year = {2001}
}

