@inproceedings{las-21-openapi,
 address = {All Virtual},
 author = {von Laszewski and Gregor and Anthony Orlowski and Richard H. Otten and Reilly Markowitz and Sunny Gandh and Adam Chai and Geoffrey C. Fox and Wo L. Chang},
 booktitle = {IEEE COMPSAC 2021: Intelligent and Resilient Computing for a Collaborative World45th Anniversary Conference},
 comment = {TODO},
 month = {July},
 publisher = {IEEE},
 title = {Using GAS for Speedy Generation of HybridMulti-Cloud Auto Generated AI Services},
 url = {https://ieeecompsac.computer.org/2021/},
 year = {2021}
}

