@techreport{las-2014-cloud-usage,
 address = {Bloomington, IN},
 author = {Lee, Hyungro and von Laszewski, Gregor and Wang, Fugang and Fox, Geoffrey C},
 comment = {TODO},
 institution = {Indiana University},
 month = {March},
 title = {Towards understanding cloud usage through resource allocation analysis on xsede},
 url = {https://laszewski.github.io/papers/las-14-allocation-xsede.pdf},
 year = {2014}
}

