@techreport{las-crpc-92260,
 author = {A. Gaber Mohamed and Geo rey C. Fox and Gregor von Laszewski and Manish Parashar and Tomasz Haupt and Kim Mil ls and Ying-Hua Lu Neng-Tan Linand Nang-kang Yeh},
 institution = {Center for Research on Parallel Computation, Rice University, P.O. Box 1892, Houston, TX 77251-1892},
 month = {June},
 number = {CRPC-TR92260},
 otherurl1 = {https://citeseerx.ist.psu.edu/viewdoc/download?doi=10.1.1.57.1579&rep=rep1&type=pdf},
 otherurl2 = {http://citeseerx.ist.psu.edu/viewdoc/download;jsessionid=A4CEFFA65718CE42B44FDFBB1F619EA4?doi=10.1.1.53.9593&rep=rep1&type=pdf},
 title = {Applications Benchmark Set for Fortran-D and High Performance Fortran},
 url = {https://laszewski.github.io/papers/sccs-0327.pdf},
 year = {1992}
}

