@techreport{las05exp,
 author = {von Laszewski, Gregor},
 institution = {Argonne National Laboratory},
 month = {June},
 number = {P1259},
 status = {tmp},
 title = {The Java CoG Kit Experiment Manager},
 url = {https://laszewski.github.io/papers/vonLaszewski-exp.pdf},
 year = {2005}
}

