@inproceedings{comparisoncloud,
 address = {Honolulu, HI},
 author = {Gregor von Laszewski and Javier Diaz and Fugang Wang and Geoffrey C. Fox},
 booktitle = {IEEE Cloud 2012},
 doi = {10.1109/CLOUD.2012.104},
 month = {June},
 title = {Comparison of Multiple Cloud Frameworks},
 url = {https://github.com/laszewski/papers/blob/master/laszewski-IEEECloud2012_id-4803.pdf},
 year = {2012}
}

