@techreport{las-95-mopac,
 author = {von Laszewski, Gregor },
 institution = {Syracuse University},
 title = {Parallelization of MOPAC},
 url = {https://laszewski.github.io/papers/sccs-0362.pdf},
 year = {1995}
}

