@techreport{las20proc-516-2019,
 address = {Bloomington IN, U.S.A.},
 author = {von Laszewski, Gregor},
 comment = {TODO},
 epub = {https://cloudmesh-community.github.io/pub/vonLaszewski-e516-fa19-proceedings.epub},
 institution = {Indiana University},
 month = {December},
 title = {Proceedings of Cloud Computing Engeneeing (2019)},
 type = {Lecture Notes},
 url = {https://cloudmesh-community.github.io/pub/vonLaszewski-e516-fa19-proceedings.pdf},
 year = {2019}
}

