@article{las-20-covid,
 archiveprefix = {arXiv},
 author = {Geoffrey C. Fox and von Laszewski, Gregor and Fugang Wang and Saumyadipta Pyne},
 biburl = {https://dblp.org/rec/journals/corr/abs-2010-03757.bib},
 eprint = {2010.03757},
 journal = {CoRR},
 title = {AICov: An Integrative Deep Learning Framework for COVID-19 Forecasting with Population Covariates},
 url = {https://arxiv.org/pdf/2010.03757},
 volume = {abs/2010.03757},
 year = {2020}
}

