@misc{las-2021-cybertraining-pub,
 author = {von Laszewski, Gregor and Fox, Geoffrey},
 howpublished = {Web Page},
 month = {August},
 title = {Cybertraining Publications},
 url = {https://cybertraining-dsc.github.io/docs/pub/},
 year = {2021}
}

