@inproceedings{las08project-position,
 address = {Indianapolis, IN, USA},
 author = {von Laszewski, Gregor and Leor Dilmanian},
 booktitle = {2008 Microsoft eScience Workshop},
 day = {7-9},
 month = {December},
 title = {Accelerating Time to Scientific Discovery with a Grid-Enhanced Microsoft Project},
 url = {https://laszewski.github.io/papers/las08msproject.pdf},
 year = {2008}
}

