@article{las-2011-emolst,
 author = {von Laszewski, Gregor and Jai Dayal and Lizhe Wang},
 doi = {10.1002/cpe.1745},
 journal = {Concurrency and Computation: Practice and Experience},
 number = {16},
 pages = {1857-1867},
 title = {eMOLST: A Documentation Flow for Distributed Health Informatics},
 url = {https://laszewski.github.io/papers/vonLaszewski-10-CCPE-emolst.pdf},
 volume = {23},
 year = {2011}
}

