@article{las05atct,
 author = {Branko Ruscic and Reinhardt E. Pinzon and von
Laszewski, Gregor and Deepti Kodeboyina and
Alexander Burcat and David Leahy and David Montoya
and and Albert F. Wagner},
 doi = {10.1088/1742-6596/16/1/078},
 journal = {Journal of Physics},
 pages = {561-570},
 title = {Active Thermochemical Tables: Thermochemistry for
the 21st century},
 url = {https://laszewski.github.io/papers/vonLaszewski-scidac-atct.pdf},
 volume = {16},
 year = {2005}
}

