@inproceedings{las-06-water,
 acmid = {2107159},
 address = {Berlin and Heidelberg},
 author = {Mahinthakumar and Kumar and von Laszewski and Gregor and Ranjithan and Ranji and Brill and Downey and Uber and Jim and Harrison and Ken and Sreepathi and Sarat and Zechman and Emily},
 booktitle = {Proceedings of the International Conference on Computational Science and ICCS 2006},
 doi = {10.1007/11758532_54},
 isbn = {3-540-34383-0 and 978-3-540-34383-7},
 location = {Reading and UK},
 numpages = {8},
 pages = {401-408},
 publisher = {Springer-Verlag},
 series = {ICCS'06},
 title = {An Adaptive Cyberinfrastructure for Threat Management in Urban Water Distribution Systems},
 url = {https://laszewski.github.io/papers/vonLaszewski-water-iccs.pdf},
 vol = {3},
 volume = {3993},
 year = {2006}
}

