@inproceedings{fitzgerald2001gosv2,
 author = {Fitzgerald and S and von Laszewski and Gregor and Swany and Martin},
 booktitle = {Global Grid Forum and GWD-GIS-011-5},
 comment = {TODO},
 title = {GOSv2: A Data Definition Language for Grid Information Services},
 url = {http://repository.binus.ac.id/content/M0094/M009444678.pdf},
 year = {2001}
}

