@incollection{vonlaszewski2007,
 author = {von Laszewski, Gregor and Mihael Hategan and Deepti Kodeboyina},
 booktitle = {Workflows for e-Science},
 doi = {10.1007/978-1-84628-757-2_21},
 pages = {340--356},
 publisher = {Springer London},
 title = {Java CoG Kit Workflow},
 url = {https://laszewski.github.io/papers/vonLaszewski-workflow-book.pdf},
 urlother = {https://doi.org/10.1007/978-1-84628-757-2_21},
 year = {2007}
}

