@misc{las-2023-poster-ai-for-science-ornl,
 author = {Fox, G.C and von Laszewski Gregor},
 howpublished = {2023 OLCF User Meeting, Oak Ridge National Laboratory},
 month = {October},
 title = {AI for Science and Engineering},
 url = {https://github.com/cyberaide/poster-summit-mlcommons-impact-education/blob/main/summit-user-meeting-bigger-fox-vonLaszewski-ai-for-science-slide.pdf},
 year = {2023}
}

