@inproceedings{las02ocgsa,
 address = {St Anne's College Oxford, UK},
 author = {Kaizar Amin and Sandeep Nijsure and von Laszewski, Gregor},
 booktitle = {Euroweb 2002 Conference, The Web and the GRID: from e-Science to e-Business},
 day = {17-18~},
 month = {December},
 pages = {101-107},
 publisher = {The British Computer Society},
 status = {final},
 title = {Open Collaborative Grid Services Architecture (OCGSA)},
 url = {https://laszewski.github.io/papers/vonLaszewski-ocgsa.pdf},
 year = {2002}
}

