@article{las02corbacog,
 author = {Manish Parashar and von Laszewski, Gregor and
Snigdha Verma and Jarek Gawor and Kate Keahey},
 doi = {10.1002/cpe.682},
 journal = {Concurrency and Computation: Practice and
Experience},
 pages = {1057-1074},
 status = {final},
 title = {A CORBA Commodity Grid Kit},
 url = {https://laszewski.github.io/papers/s/corbacog-ccpe-gce01-final.pdf},
 volume = {14},
 year = {2002}
}

