@article{las-2012-xdmod-kernel,
 author = {Furlani, Thomas R. and Jones, Matthew D. and Gallo, Steven M. and Bruno, Andrew E. and Charng-Da Lu and Amin Ghadersohi and Gentner, Ryan J. and Patra, Abani K. and DeLeon, Robert L. and von Laszewski, Gregor and Fugang Wang and Ann Zimmerman and FurlaniThomas R. and Schneider, Barry I. and Jones, Matthew D. and John Towns and Hart, David L. and Patra, Abani K. and Deleon, Robert L. and Gallo, Steven M. and Charng-Da Lu and Amin Ghadersohi and Gentner, Ryan J. and Bruno, Andrew E. and Boisseau, John R. and Fugang Wang and Laszewski, Gregor},
 doi = {10.1002/cpe.2871},
 journal = {Concurrency and Computation: Practice and Experience},
 month = {July},
 number = {7},
 pages = {918-931},
 title = {Performance Metrics and Auditing Framework using Application Kernels for High-performance Computer Systems},
 url = {https://laszewski.github.io/papers/vonLaszewski-draft-data-analytics-planing.pdf},
 volume = {25},
 year = {2013}
}

