@misc{scPoster-rain,
 author = {Fox, G. C. and A. J. Younge and G. von Laszewski and
A. Kulshrestha and F. Wang},
 file = {http://d2i.indiana.edu/sites/default/files/dynamic_provisioning_poster.ppt},
 howpublished = {SC10 International Conference for High Performance
Computing},
 month = {Nov.},
 owner = {neu},
 timestamp = {2013.12.23},
 title = {Rain: Dynamically Provisioning Clouds within
FutureGrid},
 url = { http://sc10.supercomputing.org/?pg=posters.html},
 year = {2010}
}

