@book{las-2021-famu,
 address = {Bloomington, IN},
 editor = {Laszewski, Gregor, Bautista, Yohn Jairo Parra , Carlos Theran, Fox, Geoffrey C. , Richard Alo, Byron Greene},
 epub = {https://cybertraining-dsc.github.io/docs/report/2021-reu/},
 month = {August},
 publisher = {Online, Indiana University},
 series = {Online Books Digital Science Center},
 title = {Proceedings 2021 FAMU REU supported by Cybertraining-DSC},
 url = {https://cybertraining-dsc.github.io/docs/pub/reu2021.pdf},
 year = {2021}
}

