@article{van2006batch,
 author = {Van Puymbrouck and Jennifer and Angulo and David and Drew and Kevin and Hollenbeck and Lee Ann and Battre and Dominic and Schilling and Alex and Jabon and David and Von Laszewski and Gregor},
 journal = {DePaul University CTI Tech Report},
 publisher = {Citeseer},
 title = {A Batch Import Module for an Empirically Derived Mass Spectral Database},
 url = {https://citeseerx.ist.psu.edu/viewdoc/download?doi=10.1.1.164.9290&rep=rep1&type=pdf},
 year = {2006}
}

