@inproceedings{las-2012-xdmod-data,
 author = {Furlani, Thomas R and Schneider, Barry I. and Jones, Matthew D. and Towns, John and Hart, David L. and Patra, Abani K. and DeLeon, Robert L. and Gallo, Steven M. and Lu, Charng-Da and Ghadersohi, Amin and Gentner, Ryan J. and Bruno, Andrew E. and Boisseau, John R. and Wang, Fugang and von Laszewski, Gregor},
 booktitle = {Proceedings of the SC12 Conference},
 comment = {TODO},
 title = {Data analytics driven cyberinfrastructure operations, planning and analysis using XDMoD},
 url = {https://laszewski.github.io/papers/vonLaszewski-draft-data-analytics-planing.pdf},
 urlother = {https://d1wqtxts1xzle7.cloudfront.net/44823632/Data_Analytics_Driven_Cyberinfrastructur20160417-29393-18iafi5-with-cover-page-v2.pdf?Expires=1629386933&Signature=aS022hEAHF42vzGIdaM18sE7T~RqSEHWVdPs3WBO0PkduHr1G3jtbP5wPQTucKFKQFHs1Jn314rKqqdKcxZBx-N6iXcnVIH6x5GKe5RG8KxhxJQYI~SevMHOZ-NA6GTOroQ2jmd~9h4-EhVuScxzluwy~TOQcgn~V~L2zj~O-5q3Q0cY3A0gTSJTeSIJWMsjuCbzz9VSuA-ZaaZZclXHYGtMSzRKYL1UJrcV3PCFldAyraPkOm-h6HhpM4EkVBvwj5G99pp2~ftRNGtGGWyUNrVKIWDtP77JGtFiFDVLQ0ZCWpSl6YEqOEfeAGc0TNqo3NB~u~~dSGYt8yAzHfj1Wg__&Key-Pair-Id=APKAJLOHF5GGSLRBV4ZA},
 year = {2012}
}

