@techreport{las-2005-gridandt-user,
 author = {von Laszewski, Gregor and Hategan, Mike},
 comment = {TODO},
 institution = {Technical Report, Argonne National Laboratory, Argonne, IL, USA},
 title = {Java cog kit karajan/gridant workflow guide},
 url = {https://www.researchgate.net/profile/Gregor-Von-Laszewski/publication/228719347_Java_cog_kit_karajangridant_workflow_guide/links/0046351ba07ffbbb42000000/Java-cog-kit-karajan-gridant-workflow-guide.pdf},
 year = {2005}
}

