@inbook{las-04-grid-midleware,
 address = {Chichester and England Hoboken and NJ},
 author = {Von Laszewski and Gregor and Amin and Kaizar},
 booktitle = {Middleware for communications},
 editor = {Mahmoud and Qusay},
 isbn = {978-0-470-86206-3},
 otherurl = {https://books.google.com/books?hl=en&lr=&id=ZwGhIZGxi7oC&oi=fnd&pg=PA109&dq=%22von+laszewski%22&ots=5klLXpDTZi&sig=TXE96rtEQsbUfw2plHAjx1nQJe8#v=onepage&q=%22von%20laszewski%22&f=false},
 publisher = {Wiley},
 title = {Grid Middleware},
 url = {https://laszewski.github.io/papers/vonLaszewski-grid-middleware.pdf},
 year = {2004}
}

