@book{las-18-handbook,
 address = {Bloomington. IN},
 author = {von Laszewski and Gregor and Fox and Geoffrey C.},
 comment = {upload to ax},
 featured = {true},
 month = {December},
 publisher = {Indiana University},
 title = {Handbook of Clouds and Big Data},
 url = {https://laszewski.github.io/papers/vonLaszewski-bigdata.pdf},
 year = {2018}
}

