@techreport{las-95-infomall,
 author = {Gregor von Laszewski},
 comment = {exclude},
 institution = {Syracuse University},
 title = {Minimal Requirements for a Graphical User Interface for InfoMall Applications},
 url = {https://laszewski.github.io/papers/sccs-0602.pdf},
 year = {1995}
}

