@misc{las-2020-github-bookmanager,
 author = {Laszewski, Gregor},
 comment = {TODO},
 howpublished = {PyPI and GitHub},
 month = {February},
 title = {Cyberaide Bookmanager},
 url = {https://pypi.org/project/cyberaide-bookmanager/},
 year = {2020}
}

