@inproceedings{las19streaming,
 author = {Vibhatha Abeykoon and Gregor von Laszewski and Supun Kamburugamuve and Kannan Govindarajan and Pulasthi Wickramasinghe and Chathura Widanage and Niranda Perera and Ahmet Uyar and Gurhan Gunduz and Selahattin Akkas},
 bibsource = {dblp computer science bibliography, https://dblp.org},
 biburl = {https://dblp.org/rec/conf/bigdataconf/AbeykoonLKGWWPU19.bib},
 booktitle = {2019 IEEE International Conference on Big Data (Big Data), Los Angeles, CA, USA, December 9-12, 2019},
 comment = {TODO},
 doi = {10.1109/BigData47090.2019.9006337},
 editor = {Chaitanya Baru and Jun Huan and Latifur Khan and Xiaohua Hu and Ronay Ak and Yuanyuan Tian and Roger S. Barga and Carlo Zaniolo and Kisung Lee and Yanfang Fanny Ye},
 pages = {5661--5666},
 publisher = {IEEE},
 title = {Streaming Machine Learning Algorithms with Big Data Systems},
 year = {2019}
}

