@inproceedings{las-15-xsede,
 address = {St. Louis},
 author = {von Laszewski, Gregor and Fugang Wang and Fox, Geoffrey C. and Hart, David L. and Furlani, Thomas R. and DeLeon, Robert L. and Gallo, Steven M. },
 booktitle = {XSEDE2015},
 month = {July},
 note = {Poster and Technical Report},
 organization = {Indiana University},
 publisher = {IEEE},
 title = {Peer Comparison of XSEDE Publication Data},
 url = {https://laszewski.github.io/papers/vonLaszewski-tas-xsede.pdf},
 year = {2015}
}

