@misc{las-2004-scidac-poster-cogkit,
 author = {von Laszewski, Gregor and Keith Jackson},
 comment = {TODO},
 day = {22-24},
 howpublished = {DOI SciDAC PI Meeting (Poster), Charleston, SC},
 month = {March},
 owner = {neu},
 timestamp = {2013.12.23},
 title = {Commodity Grid Kits},
 url = {http://www.csm.ornl.gov/workshops/DOE_SciDAC/posters.html},
 urlother = {https://www.csm.ornl.gov/workshops/DOE_SciDAC/CoG-Poster-long.ppt},
 year = {2004}
}

