@proceedings{las06gce,
 address = {Tampa, FL},
 author = {von Laszewski, Gregor},
 editor = {von Laszewski, Gregor},
 file = {showToc:http\://library.rit.edu/oajournals/index.php/gce/issue/view/10/showToc:PDF},
 month = {Nov.},
 oldlabel = {gce06},
 organization = {in conjunction with IEEE/ACM SC06},
 publisher = {Published Aug. 2008, Rochester Institute of
Technology, Rochester NY},
 title = {Grid Computing Environments 2006 Confernce
Proceeedings},
 url = {http://library.rit.edu/oajournals/index.php/gce/issue/view/10/showToc},
 year = {2006}
}

