@inproceedings{las19-harc-comet,
 address = {Chicago, IL, USA},
 author = {von Laszewski, Gregor and Fugang Wang and Geoffrey C. Fox and Shawn Strande and Christopher Irving and Trevor Cooper and Dmitry Mishin and Michael L. Norman},
 booktitle = {Humans in the Loop: Enabling and Facilitating Research on Cloud Computing},
 doi = {10.1145/3355738.3355751},
 isbn = {978-1-4503-7279-4/19/07},
 month = {July},
 title = {Human in the Loop Virtual Machine Management on Comet},
 url = {https://laszewski.github.io/papers/vonLaszewski-human-comet.pdf},
 year = {2019}
}

